3564 5208
349 485 389 550 50
539 485 587 532 DE
612 487 699 534 VITA
725 485 771 531 ET
796 484 1016 534 HONESTATE
1041 485 1295 535 CLERICORUM.

395 681 485 767 136⁰.
535 681 666 749 Stricte
695 680 948 749 Sacerdotibus
977 682 1192 750 mandamus
1221 691 1264 750 ut
1294 681 1422 751 saltem
1452 681 1488 748 in

345 796 491 865 ecclesia
513 797 608 865 etin
631 799 739 868 domo
762 797 925 864 rectorali
947 806 1086 882 vestem
1109 797 1259 868 talarem
1281 807 1490 866 constanter

344 923 479 1000 gerant.
530 914 640 981 Foras
669 935 755 981 vero
785 935 899 1001 quum
929 913 1136 1000 prodierint,
1169 915 1255 1001 quia
1284 913 1436 983 Clericos
1466 937 1489 982 a

343 1030 492 1098 caeteris
514 1052 585 1098 non
608 1031 724 1100 solum
746 1038 846 1098 statu
868 1051 910 1098 ac
932 1030 1146 1110 conditione,
1171 1031 1233 1098 sed
1255 1030 1365 1100 etiam
1388 1040 1489 1099 veste

343 1147 515 1234 distingui
547 1155 701 1233 oportet,
735 1147 822 1233 ipsis
853 1147 999 1216 omnino
1031 1147 1253 1234 injungimus
1283 1147 1327 1215 iis
1359 1148 1487 1216 saltem

342 1263 397 1331 uti
409 1263 570 1332 vestibus
585 1285 679 1351 quae
694 1285 759 1331 suo
774 1273 973 1350 congruant
989 1263 1115 1344 ordini,
1131 1263 1274 1343 scilicet,
1289 1285 1382 1350 quae
1397 1263 1488 1351 nigri

343 1379 415 1448 sint
442 1379 578 1459 coloris,
608 1389 645 1448 et
673 1379 772 1450 omni
798 1388 929 1448 ornatu
957 1389 1113 1459 careant,
1143 1381 1287 1467 sintque
1314 1381 1360 1448 ab
1389 1381 1487 1448 omni

342 1498 527 1565 mundana
556 1497 720 1564 vanitate
750 1518 877 1583 prosus
907 1497 1052 1564 alienae.
1103 1497 1254 1584 Insuper
1284 1481 1407 1593 stricte
1437 1497 1487 1564 eis

342 1615 557 1694 mandamus
591 1622 643 1692 ut,
681 1621 758 1682 tam
794 1612 879 1681 foris
914 1635 1024 1700 quam
1059 1613 1167 1692 domi,
1204 1613 1350 1692 Collare,
1389 1615 1486 1700 quod

343 1729 549 1799 Romanurn
566 1739 727 1810 vocatur,
747 1740 883 1816 gerant.

392 1919 481 2004 137⁰.
532 1919 718 1988 Monemus
746 1939 871 1988 omnes
899 1919 1008 2005 hujus
1039 1919 1247 1986 Dioeceseos
1277 1920 1486 1988 Sacerdotes

341 2043 383 2101 ut
410 2036 546 2122 absque
571 2035 672 2121 gravi
698 2034 837 2102 ratione
863 2057 886 2102 a
911 2035 1078 2103 districtu
1105 2035 1172 2103 sibi
1198 2035 1387 2105 commisso
1413 2057 1485 2103 non

341 2151 538 2231 discedant,
564 2151 673 2221 etiam
697 2153 744 2220 ad
767 2152 875 2219 breve
903 2160 1057 2238 tempus,
1089 2151 1298 2238 praesertim
1327 2151 1385 2220 die
1415 2152 1485 2219 Do-

342 2267 473 2336 minico
497 2269 554 2336 vel
578 2268 686 2336 Festo
709 2269 754 2336 de
778 2277 969 2354 praecepto
992 2267 1263 2336 interveniente.
1311 2268 1486 2337 Certiores

341 2406 424 2471 ergo
456 2385 531 2452 Nos
562 2384 661 2471 prius
691 2385 807 2452 facere
838 2393 983 2453 tenetur
1013 2383 1164 2474 quilibet
1196 2385 1377 2464 Sacerdos
1411 2385 1486 2452 sive

341 2502 475 2569 Rector
503 2501 578 2569 sive
605 2502 761 2587 adjutor,
786 2501 1082 2588 quotiescumque
1111 2523 1174 2588 per
1200 2500 1378 2588 integram
1400 2501 1485 2568 heb·

341 2619 536 2687 domadam
561 2640 583 2685 a
608 2640 672 2685 suo
697 2617 863 2685 districtu
888 2618 1078 2686 abscedere
1103 2617 1200 2685 velit.
1249 2619 1351 2685 Tunc
1376 2616 1485 2686 etiam

342 2755 465 2801 curare
495 2734 602 2801 debet
633 2755 772 2820 semper
800 2741 843 2801 ut
873 2733 963 2800 alius
994 2735 1158 2802 sacerdos
1187 2742 1331 2820 praesto
1362 2733 1408 2801 sit
1438 2736 1485 2802 ad

342 2851 420 2937 ejus
445 2851 563 2918 locum
589 2850 828 2936 supplendum
852 2849 889 2916 in
916 2849 1057 2917 casibus
1082 2849 1319 2918 ministerium
1345 2871 1485 2917 sacrum

342 2966 619 3054 requirentibus;
659 2965 835 3034 auxiliarii
861 2987 946 3034 vero
973 2965 1182 3052 presbyteri,
1211 2964 1321 3035 etiam
1343 2966 1390 3033 ad
1408 2966 1485 3033 bre-

342 3083 478 3154 viorem
505 3083 716 3162 absentiam,
745 3082 803 3150 vel
831 3083 877 3150 ad
905 3081 990 3150 alibi
1017 3083 1313 3169 pernoctandum,
1342 3081 1486 3154 licentia

344 3200 505 3287 indigent
527 3199 581 3267 sui
602 3199 775 3267 Recton's.

391 3389 482 3476 138⁰.
532 3386 760 3455 Residentiae
787 3385 985 3454 laboriosae
1012 3388 1213 3474 refragatur
1239 3389 1383 3467 abusus
1413 3409 1485 3474 quo

342 3507 561 3583 Sacerdotes,
592 3504 771 3590 completa
800 3503 878 3571 vice
906 3504 1155 3572 hebdomadae
1183 3526 1277 3584 suae,
1308 3503 1486 3574 immunes

342 3645 379 3690 se
403 3622 539 3689 habent
564 3643 586 3688 a
610 3619 792 3688 laboribus
815 3619 1013 3700 ministerii,
1041 3620 1144 3708 quasi
1168 3619 1264 3688 hisce
1287 3619 1353 3689 otii
1376 3619 1485 3688 inter-

343 3737 445 3806 vallis
478 3758 549 3804 non
584 3745 765 3823 oporteret
799 3736 940 3804 casibus
973 3736 1168 3822 repentinis
1201 3735 1398 3823 providere,
1433 3735 1486 3803 in-

342 3857 462 3924 firmos
487 3853 642 3932 visitare,
670 3861 734 3920 aut
758 3851 801 3920 iis
825 3852 888 3939 qui
912 3852 1056 3955 auxilio,
1083 3852 1229 3921 consilio
1253 3853 1310 3920 vel
1334 3852 1485 3921 instruc·

342 3973 439 4040 tione
463 3970 625 4057 indigent
650 3969 760 4039 etiam
785 3977 873 4036 tunc
896 3967 1077 4036 inservire.
1125 3967 1371 4038 Conscientiae
1396 3969 1485 4036 Rec-

342 4099 462 4158 torum
495 4087 713 4174 imponimus
746 4094 796 4154 utr
822 4085 918 4153 hunc
951 4084 1187 4172 negligentiae
1220 4093 1257 4152 et
1291 4083 1486 4152 otiositatis

342 4207 490 4284 fontem,
525 4204 588 4272 ubi
621 4203 738 4270 adhuc
771 4201 905 4282 existit,
940 4201 1207 4289 quamprimum
1241 4199 1483 4286 exstinguant.
