3564 5208
326 475 367 534 40
717 474 764 520 os
789 475 912 525 cumo
937 475 1081 525 mvmo.

325 667 505 753 praesumi
525 688 629 755 posse
650 670 796 755 quando
818 690 948 756 urgens
969 678 1090 739 exstat
1110 672 1316 751 necessitas,
1339 682 1376 741 et
1397 695 1470 742 non

324 783 435 852 datur
468 792 614 873 tempus
649 785 695 852 ad
732 785 962 854 Ordinan‘um
999 788 1213 857 recurrendi.
1262 787 1399 874 Quovis
1433 789 1469 858 in

327 920 413 967 casu
426 921 492 987 pro
505 923 579 969 una
592 909 738 971 tantum
753 901 862 971 Missa
876 903 1096 990 stipendium
1111 905 1271 991 accipere
1284 905 1378 973 licet.

375 1081 466 1149 101⁰.
514 1082 702 1152 Monemus
717 1105 841 1152 omnes
856 1085 1084 1154 ecclesiarum
1101 1087 1274 1155 Rectores
1287 1110 1334 1157 ne
1349 1089 1470 1157 sinant

324 1198 481 1285 aliquem
501 1199 666 1285 ignotum
685 1201 743 1267 vel
762 1209 976 1271 extraneum
996 1201 1226 1273 Sacerdotem
1246 1225 1349 1273 sacra
1366 1227 1470 1273 mun·

325 1335 386 1382 era
400 1315 500 1383 obire
515 1317 652 1403 absque
667 1317 812 1403 speciali
829 1316 962 1386 Nostra
977 1319 1035 1386 vel
1051 1319 1260 1388 Cancellarii
1274 1321 1311 1390 in
1328 1322 1470 1409 scriptis

325 1432 441 1512 venia,
472 1432 502 1500 si
529 1433 633 1520 copia
661 1433 708 1501 sit
737 1434 812 1502 Nos
839 1435 1006 1503 adeundi.
1056 1436 1136 1503 Hac
1163 1437 1362 1516 deficiente,
1392 1459 1469 1525 per-

324 1548 505 1617 mittimus
525 1557 568 1618 ut
590 1549 736 1620 Missam
758 1551 937 1619 celebrare
958 1560 1080 1638 queat,
1103 1553 1212 1621 semel
1233 1561 1356 1622 tamen
1379 1556 1470 1623 dun-

324 1673 441 1745 taxat,
478 1674 681 1746 extraneus‚
719 1667 774 1735 sui
809 1667 990 1736 Ordinarii
1024 1668 1154 1736 litteris
1189 1669 1258 1738 rite
1292 1671 1470 1750 munitus,·

325 1804 417 1869 quas
432 1791 554 1851 tamen
571 1783 739 1851 nolumus
755 1784 943 1870 suffragari
960 1784 1145 1852 Sacerdoti
1161 1807 1206 1852 ex
1222 1787 1291 1854 hac
1308 1787 1470 1856 Dioecesi

324 1899 410 1966 olim
431 1899 588 1969 dimisso.
636 1899 733 1968 Talis
753 1899 849 1969 enim
871 1921 1036 1986 expresse
1058 1900 1192 1969 Nostra
1212 1901 1358 1971 licentia
1378 1925 1470 1990 opus

324 2015 472 2084 omnino
503 2016 614 2084 habet
647 2023 689 2083 ut
722 2037 863 2084 sacrum
896 2038 1029 2086 munus
1060 2017 1158 2085 intra
1190 2040 1269 2086 eam
1303 2041 1470 2106 peragere

253 2054 450 2224 onssit.

374 2315 466 2382 102⁰.
515 2315 557 2385 In
582 2316 650 2384 hac
675 2315 836 2384 Dioecesi
859 2316 1080 2403 stipendium
1105 2339 1170 2404 pro
1194 2318 1302 2387 Missa
1326 2319 1470 2404 privata

325 2432 538 2501 celebranda
553 2440 608 2500 est
623 2454 737 2500 unum
753 2441 937 2500 scutetum
957 2433 1108 2518 (dollar).

373 2614 465 2702 103⁰.
514 2615 615 2684 Inter
632 2615 843 2684 Sacerdotes
859 2637 931 2684 non
959 2625 1044 2686 sunt
1069 2617 1339 2686 transferendae
1353 2617 1470 2686 inten-

324 2731 441 2800 tiones
481 2731 680 2811 Missarum,
720 2731 790 2800 nisi
829 2732 935 2800 simul
974 2733 1240 2800 transferantur
1278 2733 1468 2819 stipendia.

325 2848 536 2916 Sacerdotes
562 2847 694 2934 quibus
719 2849 916 2916 traduntur
942 2849 1075 2917 debent
1102 2871 1178 2916 esse
1204 2857 1301 2916 certe
1328 2857 1364 2917 et
1392 2871 1470 2936 per-

327 2963 497 3033 sonaliter
527 2964 607 3033 noti
638 2973 675 3032 et
706 2964 805 3032 omni
836 2965 1047 3051 exceptione
1077 2965 1243 3052 majores.
1297 2965 1334 3034 Si
1365 2973 1469 3032 extra

329 3081 500 3149 Nostram
516 3080 706 3149 dioecesim
723 3089 959 3161 commorant,
978 3081 1054 3149 sive
1073 3083 1272 3150 saeculares
1296 3082 1369 3150 sint
1392 3081 1470 3149 sive

326 3198 513 3283 regulares
543 3197 699 3266 vetitum
728 3205 782 3266 est
811 3197 861 3265 eis
887 3198 1114 3266 committere
1140 3199 1360 3267 intentiones
1388 3197 1470 3268 Mis-

327 3335 447 3383 sarum
461 3314 531 3382 nisi
546 3336 610 3401 per
625 3335 747 3382 eorum
764 3313 1005 3394 Ordinarium,
1023 3322 1087 3382 aut
1103 3314 1182 3401 ipso
1198 3315 1326 3383 saltem
1343 3314 1470 3382 audito

327 3438 438 3517 atque
453 3439 645 3501 annuente.

374 3613 465 3694 104⁰.
515 3613 586 3680 Ubi
616 3612 725 3681 Missa
754 3608 917 3700 specialis
946 3614 993 3681 ad
1022 3614 1241 3682 intentiones
1270 3613 1468 3682 multorum

324 3729 647 3809 indiscriminatim,
677 3737 719 3797 ut
757 3729 793 3798 in
823 3729 881 3796 die
909 3729 1267 3798 Commemorationis
1295 3729 1467 3798 Omnium

325 3845 511 3926 Fidelium,
538 3847 720 3925 offeratur,
748 3845 895 3932 singulis
919 3845 1059 3914 vicibus
1084 3847 1231 3932 praevia
1256 3853 1292 3913 et
1318 3845 1468 3932 diligens

241 4007 246 4016 -
327 3962 490 4031 facienda
511 3971 565 4030 est
586 3962 719 4049 populo
740 3961 854 4030 totius
874 3961 925 4028 rei
946 3962 1153 4048 explicatio;
1187 3983 1287 4030 secus
1308 3961 1468 4048 accipere

326 4079 514 4166 pecuniam
536 4079 695 4147 fidelium
718 4099 783 4164 pro
805 4077 914 4148 Missa
935 4078 1144 4164 hujusmodi
1164 4099 1237 4146 non
1259 4077 1354 4145 licet.
1404 4077 1467 4144 Pe-

327 4195 433 4264 cunia
445 4195 481 4264 in
496 4196 592 4264 hunc
604 4195 712 4264 finem
727 4194 886 4273 collecta,
902 4194 932 4262 si
945 4215 1018 4280 qua
1031 4194 1088 4274 sit,
1104 4202 1185 4262 tota
1198 4193 1345 4262 Rectori
1359 4193 1465 4262 cedit.
