3564 5208
339 502 382 583 36
664 517 711 564 na
737 516 918 565 axrxaux
945 517 1149 566 uuerroua.

337 711 532 798 conjugum
563 711 649 779 alibi
679 711 888 797 baptizatus
912 710 1030 790 luerit,
1057 710 1278 780 Matrimonii
1302 713 1485 781 Parochus

336 827 507 896 notitiam
532 827 615 896 initi
641 836 850 896 contractus
877 829 924 896 ad
953 827 1155 895 Parochum
1183 828 1355 916 baptismi
1382 850 1483 916 regu-

337 944 460 1012 lariter
491 966 555 1030 per
586 966 633 1023 se,
668 945 726 1012 vel
759 944 888 1012 saltem
921 965 984 1030 per
1016 943 1275 1013 cancellarium
1309 946 1483 1014 Nostrum

337 1060 575 1129 transmittat.

383 1241 454 1328 85⁰.
503 1240 798 1328 Dispensationes
820 1262 927 1327 super
948 1240 1216 1328 impedimentis
1238 1263 1261 1309 a
1284 1241 1397 1310 Nobis
1420 1265 1484 1330 per

337 1358 511 1426 Nostrum
544 1357 804 1427 Cancellan'um
838 1366 923 1425 sunt
957 1359 1135 1444 petendae
1168 1357 1205 1426 in
1241 1357 1383 1445 scriptis
1417 1381 1483 1446 pro

337 1473 484 1562 singulis
499 1473 650 1554 vicibus,
670 1482 707 1542 et
723 1473 760 1542 in
779 1474 932 1561 supplici
948 1474 1069 1542 libello
1085 1482 1166 1542 tum
1181 1483 1316 1542 natura
1331 1473 1482 1562 impedi-

335 1591 460 1670 menti,
483 1591 542 1658 vel
561 1590 914 1678 impedimentorum,
938 1591 968 1658 si
988 1591 1093 1678 plura
1115 1590 1198 1670 sint,
1221 1599 1302 1660 turn
1323 1591 1482 1660 rationes

336 1715 484 1794 propter
519 1729 611 1794 quas
647 1707 868 1793 dispensatio
905 1706 1053 1794 petitur,
1096 1708 1204 1793 (quae
1239 1729 1368 1794 graves
1406 1731 1481 1776 esse

335 1825 499 1906 debent),
516 1832 602 1892 sunt
617 1823 727 1892 toties
742 1823 885 1910 quoties
900 1825 1144 1910 exponendae.

382 2004 454 2072 86⁰.
502 2004 539 2074 Si
565 2005 803 2074 attentaverit
830 2005 911 2092 quis
935 2025 1073 2073 novum
1099 2003 1371 2074 Matrimonium
1397 2026 1480 2073 con·

335 2122 488 2201 trahere,
515 2121 668 2208 conjuge
693 2121 897 2208 superstite,
924 2121 1008 2188 licet
1034 2120 1192 2189 divortio
1217 2120 1314 2188 civili
1340 2142 1481 2209 separa-

336 2245 407 2317 tus,
438 2260 476 2306 se
503 2237 583 2324 ipso
613 2238 711 2306 lacto
740 2236 1121 2316 excommunicatione,
1152 2235 1344 2306 Ordinatio
1372 2258 1481 2305 reser-

336 2362 435 2434 vata,
459 2354 561 2441 ligari
582 2354 736 2423 noverit.
785 2354 820 2424 Si
845 2353 1021 2423 Catholici
1044 2354 1102 2421 vel
1124 2353 1220 2422 inter
1243 2376 1290 2434 se,
1315 2355 1374 2422 vel
1397 2375 1480 2422 cum

336 2471 537 2539 acatholica
572 2480 686 2558 parte,
723 2491 845 2540 coram
881 2492 1056 2558 praecone
1079 2471 1339 2558 cujuscumque
1362 2479 1481 2539 sectae

337 2587 608 2656 Matrimonium
651 2587 926 2666 attentaverint,
973 2587 1141 2655 noverint
1184 2609 1221 2655 se
1258 2587 1337 2674 ipso
1383 2587 1481 2656 facto

336 2705 522 2790 subjacere
561 2703 925 2772 excommunicationi
959 2712 1174 2783 reservatae,
1212 2725 1309 2791 aqua
1341 2704 1481 2772 absolvi

335 2841 408 2888 non
440 2829 612 2908 poterunt
643 2828 897 2908 praeterquam
922 2821 968 2888 ab
1000 2819 1178 2906 episcopo,
1210 2820 1285 2888 imo
1316 2841 1339 2887 a
1367 2820 1481 2887 Nobis

337 2936 430 3017 solis,
451 2937 481 3004 si
499 2937 636 3005 subditi
655 2936 778 3004 Nostri
797 2935 930 3005 fuerint
949 2944 986 3004 et
1004 2936 1041 3004 in
1060 2936 1128 3003 hac
1145 2935 1307 3004 Dioecesi
1321 2935 1479 3023 delique·

336 3052 419 3133 rint,
457 3053 527 3121 nisi
563 3053 601 3121 hi
641 3054 735 3121 forte
784 3053 841 3120 vel
878 3051 1103 3140 poenitentia
1148 3051 1294 3139 publica
1335 3052 1480 3139 culpam

335 3169 526 3256 expiarint,
539 3171 597 3238 vel
612 3171 750 3269 absque
765 3169 892 3238 fraude
903 3169 991 3256 legis
1006 3168 1098 3236 alius
1113 3168 1302 3256 episcopus
1317 3170 1479 3238 adeatur.

772 3451 977 3522 TITULUS
999 3452 1049 3520 X.

420 3601 482 3670 De
498 3603 690 3671 Extrema
707 3602 967 3671 Unctioneet
984 3600 1096 3671 Cura
1112 3599 1387 3668 infirmorum.

382 3763 454 3850 87⁰.
502 3762 642 3832 Fideles
676 3762 744 3830 sibi
779 3762 1013 3841 concreditos,
1051 3762 1108 3830 vel
1144 3763 1190 3830 ab
1225 3760 1330 3830 initio
1364 3761 1482 3828 morbi

334 3879 518 3966 gravioris,
551 3879 763 3949 Sacerdotes
793 3878 964 3957 invisent,
999 3886 1047 3957 et,
1081 3886 1221 3965 quanta
1252 3877 1328 3945 fieri
1360 3884 1481 3963 potest

334 3995 521 4083 diligentia
546 4005 582 4064 et
608 3995 797 4073 charitate,
825 3996 872 4062 ad
898 3994 1132 4063 Sacramenta
1156 3992 1388 4061 morientium
1413 3991 1482 4060 rite

335 4113 564 4201 percipienda
590 4112 801 4198 disponant;
840 4132 907 4178 nec
935 4118 1145 4197 exspectent
1171 4111 1287 4177 donec
1314 4116 1483 4195 aegrotus

334 4229 371 4298 in
398 4251 512 4316 agone
535 4221 663 4297 mortis
685 4229 816 4315 jaceat,
843 4236 886 4295 ut
912 4249 994 4294 eum
1019 4226 1153 4296 Sancto
1179 4225 1267 4293 Oleo
1290 4224 1480 4312 inungant,
