3564 5208
371 492 414 569 46
506 507 554 554 DE
580 507 767 556 accensus
792 508 838 554 ET
862 508 910 556 DE
935 508 1047 557 BONIS
1073 508 1377 558 ECCLESIASTICIS.

370 701 632 770 ministratores
655 723 788 781 eorum,
815 723 879 788 pro
903 701 1021 770 lubitu
1046 701 1180 770 Nostro
1203 701 1366 789 eligendi,
1392 711 1515 772 tenen-

372 826 433 886 tur
465 817 661 905 quotannis
694 819 739 886 de
771 819 879 886 rebus
912 817 1124 888 Coemeterii
1157 817 1334 887 rationem
1368 820 1516 888 reddere

371 934 658 1020 Archiepiscopo,
674 934 732 1003 cui
746 934 811 1002 soli
825 934 999 1021 competit
1013 935 1059 1002 de
1072 934 1307 1021 dispositione
1320 934 1513 1014 redituum,
1579 943 1582 948 '

374 1050 403 1118 si
420 1050 483 1138 qui
500 1041 593 1119 forte
611 1051 801 1137 supersint,
819 1051 990 1138 judicare.

420 1201 511 1268 122⁰.
559 1201 776 1270 Moneantur
800 1201 922 1270 fideles
946 1210 988 1270 ut
1013 1223 1131 1289 neque
1156 1223 1221 1288 pro
1247 1225 1284 1270 se
1308 1224 1426 1289 neque
1451 1215 1537 1290 pro'

372 1317 444 1385 suis
463 1319 640 1404 adoptent
660 1339 796 1386 morem
817 1339 1009 1405 paganum,
1032 1319 1078 1386 ab
1098 1318 1308 1405 Apostolica
1328 1319 1419 1388 Sede
1438 1339 1515 1406 rep·

370 1435 550 1513 robatum,
588 1435 842 1504 defunctorum
878 1436 1056 1503 cadavera
1092 1435 1335 1516 comburendi,
1375 1438 1437 1505 sed
1474 1446 1515 1505 ut

371 1550 485 1638 magis
512 1571 672 1637 corpora,
698 1551 893 1638 aliquando
916 1550 1183 1632 revivificanda,
1209 1573 1292 1620 cum
1321 1552 1450 1621 ritibus
1478 1562 1515 1620 et

371 1667 537 1753 precibus
567 1669 614 1736 ab
647 1667 807 1736 Ecclesia
839 1667 998 1747 statutis,
1031 1667 1068 1736 in
1101 1676 1207 1747 terra,
1242 1670 1339 1737 unde
1370 1677 1517 1756 sumpta

372 1784 479 1863 luere,
518 1786 726 1853 recondant.

774 1935 979 2006 TITULUS
1009 1937 1114 2006 XIV.

469 2051 532 2120 De
554 2053 760 2123 Eccleells
784 2061 825 2122 et
848 2052 910 2122 De
933 2055 1065 2124 Ronls
1088 2054 1419 2124 Ecclesiastlcls.

421 2206 458 2248 12
463 2181 511 2268 3⁰.
556 2181 788 2250 Declaramus
797 2182 1146 2252 administrationem
1159 2185 1335 2254 bonorum
1348 2183 1514 2252 ecclesiae

372 2297 551 2366 exclusive
577 2299 623 2366 ad
649 2298 965 2386 Archiepiscopum
992 2300 1179 2386 pertinere,
1212 2300 1334 2384 (salvis
1359 2309 1515 2370 caetero-

372 2414 458 2501 quin
481 2413 673 2501 privilegiis
695 2415 959 2502 Regularium);
993 2438 1069 2497 nec,
1093 2416 1161 2485 nisi
1183 2418 1261 2504 ejus
1282 2439 1456 2486 consensu
1478 2427 1515 2485 et

371 2530 525 2611 licentia,
552 2531 630 2599 aliis
654 2532 813 2618 personis
837 2533 909 2601 ullo
934 2541 1125 2620 praetextu
1150 2533 1329 2604 committi
1354 2556 1466 2621 posse.

421 2681 511 2765 124⁰.
562 2681 657 2749 Hinc
679 2681 798 2750 nullus
822 2683 993 2752 Sacerdos
1016 2683 1185 2752 retinebit
1207 2685 1287 2770 jure
1310 2692 1347 2752 et
1370 2683 1514 2752 nomine

372 2798 515 2886 proprio
537 2797 731 2878 eeclesiam,
750 2799 919 2878 scholam,
937 2798 1200 2878 coemeterium,
1218 2801 1367 2870 domum
1382 2809 1513 2868 rector-

371 2916 463 2986 alem
489 2915 564 2984 sive
589 2915 660 2984 alia
685 2937 932 3003 quaecumque
957 2916 1062 2995 bona,
1091 2937 1184 3002 quae
1209 2914 1451 2983 oblationibus
1477 2925 1514 2983 et

371 3031 575 3118 sumptibus
597 3031 756 3100 fidelium
778 3041 843 3100 aut
866 3053 911 3099 ex
933 3040 1036 3118 parte
1059 3039 1124 3100 aut
1145 3031 1283 3118 integre
1305 3041 1515 3119 comparata

372 3147 519 3228 luerint;
551 3149 613 3216 sed
630 3148 743 3216 Nobis
755 3157 792 3216 et
804 3149 1016 3218 haeredibus
1036 3147 1177 3217 Nostris
1200 3149 1401 3236 (corporate
1419 3147 1514 3216 title:

374 3265 472 3332 “The
499 3265 640 3333 Roman
668 3265 831 3334 Catholic
856 3263 1082 3352 Archbishop
1109 3265 1148 3334 of
1176 3265 1354 3349 Boston’')
1383 3265 1514 3334 instru-

371 3389 494 3452 mento
512 3381 616 3468 legali
634 3381 767 3468 scripto
792 3383 888 3451 bona
911 3382 1096 3469 praedicta
1120 3382 1388 3470 quamprimum
1406 3381 1514 3468 assig-

371 3497 484 3566 nabit.
534 3497 571 3566 Si
583 3520 668 3567 vero
682 3497 763 3585 quis
777 3499 958 3578 Sacerdos,
974 3500 1110 3586 absque
1125 3499 1258 3568 Nostra
1271 3497 1511 3585 permissione,

370 3613 518 3682 titulum
528 3613 655 3682 talium
666 3615 842 3686 bonorum
852 3615 995 3702 proprio
1004 3615 1149 3685 nomine
1158 3637 1222 3702 per
1233 3624 1306 3684 tres
1314 3637 1454 3684 menses
1463 3637 1515 3682 re-

371 3730 496 3810 tineat,
508 3731 731 3799 declaramus
743 3753 825 3802 eum
842 3755 958 3819 poena
970 3731 1211 3818 suspensionis
1222 3731 1387 3801 innodari
1399 3753 1511 3819 posse.

420 3907 457 3949 12
464 3881 511 3970 5⁰.
562 3881 737 3950 Pecuniae
762 3904 858 3963 vero,
886 3882 1015 3969 quovis
1040 3882 1148 3950 titulo
1175 3885 1221 3950 ad
1247 3881 1515 3970 quasi-paroch·

370 3999 443 4067 ianr
465 3997 695 4085 pertinentes,
719 3998 866 4069 minime
887 3998 1032 4067 nomine
1055 3997 1219 4066 Rectoris
1241 3997 1385 4084 privato
1407 3997 1515 4066 retin-

370 4123 499 4183 eantur
520 4115 577 4182 vel
599 4114 636 4182 in
655 4123 738 4183 tuto
756 4115 988 4190 collocentur;
1023 4115 1085 4182 sed
1101 4116 1199 4200 apud
1215 4113 1435 4201 argentarios
1456 4115 1516 4183 de-

370 4240 552 4317 ponantur
579 4231 724 4300 nomine
753 4229 1072 4318 quasi-parochiae,
1104 4231 1207 4318 cujus
1236 4229 1396 4300 thesauri
1425 4230 1514 4299 Rec-
