3564 5208
315 493 353 536 10
747 489 841 540 ACTA
867 489 1016 540 SYNODl.

355 681 534 750 Officiales
545 680 755 750 Dioecesani
767 689 855 748 tunc
871 701 992 750 coram
1005 681 1111 750 Illmo
1127 690 1164 750 et
1184 681 1325 750 Revmo
1344 681 1457 749 Arch-

309 797 477 885 episcopo
492 797 670 884 genuflexi
684 797 941 884 juramentum,
956 797 1065 865 tactis
1080 797 1295 885 Evangeliis,
1314 796 1456 867 emiser-

310 922 388 983 unt.
435 915 538 982 Tunc
570 913 697 982 Illmus
730 922 767 982 et
802 912 963 981 Revmus
997 914 1041 980 D.
1076 914 1375 1001 Archiepiscopus
1408 916 1455 982 ad
1595 972 1598 978 .

313 1031 511 1117 Synodales
525 1031 704 1098 allocutus
719 1038 784 1098 est.

353 1146 581 1215 Allocutione
591 1146 704 1225 finita,
717 1153 923 1233 promotore
932 1145 1103 1226 instante,
1113 1147 1239 1215 Illmus
1250 1156 1287 1215 et
1294 1147 1456 1215 Revmus

311 1264 354 1330 D.
384 1263 683 1350 Archiepiscopus
709 1261 900 1330 mandavit
929 1271 972 1331 ut
1000 1262 1212 1332 secretarius
1239 1265 1455 1332 mandatum

309 1379 546 1448 concludendi
561 1380 748 1466 Synodum
763 1379 906 1466 legeret.
955 1378 1129 1447 Oratione
1152 1381 1283 1448 “Nulla
1305 1388 1361 1448 est
1384 1380 1455 1448 Do-

308 1496 428 1564 mine”
462 1504 620 1583 peracta,
655 1496 781 1564 Illmus
813 1503 850 1564 et
883 1496 1046 1564 Revmus
1079 1496 1123 1562 D.
1156 1495 1457 1583 Archiepiscopus

309 1612 449 1680 cunctis
473 1612 716 1698 Synodalibus
740 1611 1029 1680 benedictionem
1047 1611 1250 1698 impertivit
1270 1621 1307 1680 et
1326 1633 1453 1680 omnes

308 1729 344 1796 in
364 1728 510 1796 nomine
527 1728 660 1798 Christi
678 1749 760 1796 cum
780 1748 869 1814 pace
886 1737 1119 1796 recesserunt.

404 2223 406 2228 .
500 2163 867 2236 PROMULGATIO
897 2164 1262 2236 DECRETORUM.

355 2360 462 2428 Hisce
489 2362 757 2447 promulgamus
784 2360 951 2430 universa
977 2371 1013 2429 et
1042 2362 1181 2448 singula
1205 2369 1346 2429 statuta
1370 2383 1451 2447 quae

309 2479 344 2544 in
360 2478 429 2545 hoc
449 2477 568 2544 libello
589 2477 830 2556 continentur,
849 2486 930 2545 tum
951 2476 1070 2545 denuo
1086 2499 1225 2564 eaquae
1246 2477 1282 2544 in
1305 2477 1452 2563 Synodo

311 2593 529 2662 Dioecesana
546 2592 682 2679 Quinta
707 2595 935 2680 promulgata
962 2603 1058 2673 sunt,
1076 2603 1157 2662 tum
1183 2616 1225 2662 ea
1250 2615 1330 2681 quae
1351 2602 1451 2661 ante-

307 2732 418 2796 quam
434 2710 576 2778 decreta
593 2710 729 2796 Synodi
744 2710 842 2796 typis
857 2711 1032 2778 mandata
1047 2719 1165 2778 essent
1184 2711 1319 2796 placuit
1339 2709 1452 2777 Nobis

308 2827 506 2905 decemere‚
524 2848 637 2912 eaque
652 2827 729 2892 vim
745 2827 863 2913 legum
878 2827 1010 2894 habere
1026 2827 1211 2905 edicimus;
1235 2827 1451 2894 mandantes

307 2951 348 3011 ut
365 2944 412 3011 ab
429 2943 595 3010 omnibus
611 2952 647 3010 et
665 2942 810 3029 singulis
825 2943 935 3029 hujus
952 2942 1161 3010 Dioeceseos
1186 2941 1449 3020 Sacerdotibus,

307 3069 387 3128 tum
397 3059 636 3128 saecularibus
655 3068 736 3126 tum
754 3059 985 3146 regularibus
1005 3058 1158 3126 fideliter
1176 3069 1212 3126 et
1232 3058 1451 3127 adamussim

307 3185 502 3244 serventur.

699 3293 1051 3396 ffloutratuos

834 3474 1131 3562 Archiepiscopus
1149 3474 1403 3543 Bostoniensis.

512 3752 649 3820 Datum
667 3751 869 3829 Bononiae,

305 3869 347 3936 In
366 3866 617 3938 Purificatione
633 3867 769 3936 Beatae
783 3867 917 3938 Mariae
932 3867 1096 3954 Virginis,

571 3984 614 4052 A.
633 3984 677 4051 D.
699 4007 796 4069 1910.
