3564 5208
679 462 1014 513 CONSTITUTIONES.
1373 467 1414 533 47

274 662 333 723 tor
353 663 408 724 est
428 663 550 724 custos
570 663 716 724 tantum
741 656 1010 740 (“treasurer''.)
1060 656 1097 726 Si
1117 656 1416 744 quasi-parochia,

273 792 355 839 aere
384 769 501 840 alieno
530 771 629 840 haud
658 780 821 859 gravata,
854 771 1012 860 possidet
1043 773 1124 860 plus
1154 795 1264 861 quam
1294 776 1417 843 decem

273 887 384 956 millia
415 897 639 958 scutatorum
675 889 865 974 (tropoo),
898 891 996 977 quod
1027 890 1120 958 hanc
1151 911 1330 961 summam
1361 913 1418 960 su-

273 1013 376 1091 perat
404 1007 503 1091 apud
531 1003 858 1092 Archiepiscopum,
888 1006 926 1074 in
954 1028 1061 1076 usum
1089 1005 1208 1076 dictae
1236 1007 1418 1095 quasi-pa-

273 1120 414 1190 rochiae
435 1121 721 1202 custodiendum,
744 1124 956 1209 deponatur.

322 1271 413 1340 126⁰.
463 1272 560 1341 Nulli
576 1273 613 1340 in
632 1273 792 1342 Dioecesi
810 1273 943 1343 Nostra
960 1274 1143 1344 Sacerdoti
1159 1273 1265 1344 liceat
1281 1297 1416 1344 novam

271 1389 459 1458 aedificare
491 1389 685 1470 ecclesiam,
720 1390 889 1470 scholam,
924 1392 1073 1461 domum
1104 1391 1325 1472 rectoralem,
1359 1392 1416 1460 vel

271 1504 380 1576 aliam
402 1515 631 1586 structuram,
656 1528 722 1574 nec
743 1515 902 1596 veterem
924 1507 1151 1595 amplificare,
1176 1516 1241 1576 aut
1262 1509 1417 1578 notabil-

270 1621 340 1690 iter
351 1621 554 1702 immutare,
569 1631 634 1692 aut
646 1623 745 1693 illam
758 1644 985 1712 quocumque
997 1625 1106 1694 modo
1115 1633 1180 1692 aut
1190 1646 1418 1712 quocumque

272 1746 463 1825 praetextu
485 1739 617 1808 debitis
638 1761 786 1809 onerare
807 1741 944 1828 absque
966 1740 1140 1809 facultate
1163 1741 1296 1810 Nostra
1318 1741 1417 1828 prius

271 1856 432 1924 obtenta.
483 1855 608 1944 Neque
620 1858 836 1925 concedetur
847 1857 936 1926 haec
954 1857 1117 1938 facultas
1132 1858 1246 1926 donec
1264 1858 1416 1927 aedificii

270 1971 402 2040 intenti
422 1971 679 2060 ichnographia
704 1973 820 2060 (plan)
842 1996 925 2044 cum
947 1973 1124 2061 probabili
1145 1975 1416 2061 computatione

271 2088 515 2158 faciendarum
540 2089 782 2176 impensarum
808 2090 916 2158 fuerit
939 2089 1216 2178 Archiepiscopo
1241 2091 1412 2161 exhibita.

271 2205 441 2275 Similiter
475 2205 605 2275 deinde
642 2214 859 2287 contractus,
898 2215 1094 2294 antequam
1132 2208 1412 2288 subscribantur,

270 2330 516 2409 proponentur
537 2322 813 2410 Archiepiscopo
836 2345 879 2392 ac
901 2324 1195 2404 transcribentur‚
1220 2309 1415 2412 reponendi

268 2438 305 2505 in
342 2438 490 2508 archivo
525 2439 712 2510 missionis.
763 2440 901 2509 Pariter
935 2440 1129 2522 inhibetur,
1166 2463 1213 2508 ne
1249 2441 1415 2511 ecclesiae

270 2555 365 2624 bona
384 2577 407 2624 a
427 2555 580 2624 Rectore
600 2556 810 2637 alienentur,
832 2557 953 2626 autin
973 2557 1143 2626 aedificiis
1162 2559 1210 2626 ad
1230 2557 1414 2627 ecclesiam

269 2671 533 2757 pertinentibus
562 2672 769 2742 immutatio
800 2674 866 2743 fiat
897 2673 1000 2762 cujus
1029 2673 1212 2762 impensae
1243 2684 1414 2762 superant

269 2795 415 2858 centum
436 2797 580 2858 scutata
605 2790 737 2874 (troo),
760 2790 829 2859 nisi
849 2792 1064 2860 antecedens
1086 2792 1217 2860 Noster
1236 2792 1413 2860 habeatur

125 2913 135 2926 '
267 2925 459 2974 consensus
474 2906 511 2974 in
528 2906 678 2994 scriptis

316 3055 407 3142 127⁰.
457 3056 530 3123 Res
556 3078 638 3124 suas
664 3058 771 3125 rebus
797 3057 964 3126 ecclesiae
990 3058 1199 3126 Sacerdotes
1225 3079 1412 3146 nunquam

265 3171 501 3240 immisceant.
551 3172 689 3242 idcirco
723 3173 760 3241 in
797 3173 895 3242 omni
931 3173 1077 3242 ecclesia
1112 3173 1201 3242 liber
1235 3174 1413 3242 habeatur

265 3281 526 3368 OEconomicuS,
573 3290 619 3356 ad
662 3289 778 3375 ipsam
820 3289 1003 3360 ecclesiam
1038 3290 1230 3376 pertinens,
1267 3290 1303 3358 in
1339 3312 1412 3378 quo

265 3413 517 3473 recenseantur
545 3403 666 3475 omnia
695 3406 791 3473 bona
820 3413 900 3476 tum
929 3406 1127 3476 immobilia
1155 3414 1235 3477 tum
1264 3406 1411 3475 mobilia

265 3522 312 3588 ad
345 3521 529 3591 ecclesiam
562 3530 627 3590 aut
660 3522 971 3609 congregationem
1003 3521 1230 3609 pertinentia.
1280 3523 1410 3591 Inven-

264 3637 399 3707 tarium
436 3638 532 3706 hunc
575 3637 706 3708 librum
749 3638 880 3709 iterum
924 3648 1035 3727 atque
1077 3639 1209 3710 iterum
1246 3640 1408 3720 revisere,

264 3753 407 3842 quoties
430 3753 563 3822 scilicet
593 3777 684 3842 opus
714 3755 792 3836 erit,
815 3764 927 3844 atque
949 3755 1225 3843 Archiepiscopo
1249 3766 1411 3844 tempore

264 3892 350 3938 suae
375 3871 593 3940 visitationis
614 3871 781 3940 exhibere
802 3873 931 3960 singuli
953 3874 1124 3942 Rectores
1145 3881 1324 3941 tenentur.
1374 3873 1410 3942 Si

265 4009 311 4054 ex
324 3987 421 4056 vasis
436 3995 473 4056 et
487 3987 708 4058 indumentis
723 3989 831 4058 sacris
846 3998 911 4058 aut
927 3989 1137 4077 supellectili
1152 3980 1228 4058 sive
1243 3989 1410 4058 ecclesiae

264 4103 340 4172 sive
362 4106 491 4175 domus
514 4105 713 4174 Rectoralis
735 4106 856 4193 aliqua
879 4106 1043 4175 Rectoris
1065 4106 1138 4175 sint
1160 4106 1314 4194 propria,
1339 4106 1409 4174 dis-

264 4219 381 4290 tincta
398 4221 487 4290 haec
504 4222 550 4290 ab
569 4222 736 4291 ecclesiae
753 4245 816 4290 seu
833 4223 1118 4310 congregationis
1135 4222 1238 4292 bonis
1255 4223 1409 4290 referan-
