3564 5208
723 513 1057 566 CONSTITUTIONES.
1117 547 1119 552 -
1418 515 1456 579 55

317 710 463 797 vigilare
483 730 529 776 ne
553 708 715 776 redditus
733 707 900 776 ecclesiae
919 729 984 776 sua
1001 707 1108 792 culpa
1125 705 1377 792 dilapidentur,
1399 708 1460 773 sed

317 825 438 913 potius
455 833 498 894 ut
517 823 775 911 religiosissime
799 846 859 893 eos
882 823 919 891 in
944 824 1032 891 fines
1048 830 1194 892 tanturn
1209 824 1460 909 expendantur

316 945 363 1011 ad
387 963 478 1030 quos
502 963 525 1009 a
540 940 704 1009 fidelibus
719 940 832 1009 oblati
849 940 990 1009 fuerint.

366 1143 456 1231 153⁰.
507 1143 654 1211 Penitus
676 1143 906 1229 prohibemus
927 1164 973 1209 ne
994 1164 1156 1229 unquam
1178 1143 1214 1209 in
1237 1143 1305 1210 hac
1329 1143 1460 1210 Nostra

318 1260 478 1328 Dioecesi
508 1281 735 1347 quacumque
765 1261 811 1327 de
840 1280 949 1326 causa
978 1281 1001 1326 a
1031 1259 1195 1327 fidelibus
1224 1258 1389 1346 exigatur
1418 1268 1461 1326 ut

317 1378 364 1445 ad
400 1386 523 1464 portas
559 1375 726 1444 ecclesiae
761 1375 950 1463 pecuniam
987 1375 1140 1454 solvant,
1179 1384 1243 1443 aut
1279 1375 1461 1443 chartulas

316 1493 468 1580 pecunia
500 1501 641 1580 emptas
672 1492 876 1572 exhibeant,
911 1501 1107 1580 antequam
1138 1491 1224 1579 ipsis
1256 1500 1381 1579 pateat
1413 1495 1459 1560 ad

317 1631 457 1680 sacrum
474 1609 676 1678 aedificium
693 1609 879 1696 ingressus.
929 1609 1009 1678 lmo
1025 1607 1061 1676 in
1079 1630 1297 1696 unaquaque
1313 1609 1459 1676 ecclesia

316 1725 560 1796 constituatur
583 1726 742 1812 spatium
765 1725 928 1805 liberum,
954 1724 1017 1794 ubi
1042 1725 1163 1793 fideles
1187 1724 1342 1811 pretium
1368 1724 1461 1792 sedis

317 1843 452 1911 solvere
477 1851 542 1911 aut
567 1864 639 1910 non
665 1843 827 1910 valentes
852 1851 917 1910 aut
942 1842 1113 1920 nolentes,
1142 1841 1249 1938 ¹Sacro
1275 1843 1398 1910 adesse
1424 1851 1460 1908 et

316 1961 467 2027 verbum
503 1959 569 2026 Dei
604 1958 728 2027 audire
763 1958 911 2045 possint.

365 2157 455 2244 154⁰.
506 2157 707 2227 Statuirnus
747 2165 799 2236 ut,
842 2158 955 2225 donec
995 2156 1100 2225 aliter
1139 2156 1380 2242 provideatur,
1423 2157 1459 2223 in

316 2273 483 2343 omnibus
499 2273 607 2360 hujus
625 2273 834 2341 Dioeceseos
850 2273 1014 2353 ecclesiis,
1033 2273 1108 2341 sive
1125 2272 1366 2360 Saecularium
1384 2272 1459 2340 sive

316 2389 557 2476 Regularium,
580 2397 738 2477 quatuor
762 2390 852 2458 fiant
873 2390 1019 2476 singulis
1040 2389 1143 2458 annis
1163 2390 1355 2458 Collectae:
1388 2413 1462 2457 una

314 2505 483 2576 nimirum
515 2527 580 2593 pro
612 2507 759 2576 Summo
793 2507 980 2587 Pontifice;
1018 2508 1173 2574 secunda
1209 2527 1273 2592 pro
1310 2506 1459 2574 Institu-

315 2623 413 2690 tione
432 2622 654 2703 clericorum;
675 2623 783 2691 tertia
803 2646 868 2710 pro
889 2623 989 2690 indis
1009 2633 1046 2690 et
1062 2622 1224 2709 Nigritis:
1249 2632 1381 2710 quarta
1396 2645 1461 2709 pro

313 2739 484 2826 orphanis
499 2748 536 2807 et
552 2739 671 2825 pueris
685 2739 938 2827 indigentibus.
992 2739 1092 2826 Quae
1114 2739 1259 2827 quidem
1278 2742 1325 2807 ab
1348 2740 1460 2806 omni-

314 2858 381 2924 bus
403 2855 629 2924 ecclesiarum
653 2856 867 2924 Rectoribus
894 2856 1082 2924 Dominica
1106 2856 1333 2924 antecedenti
1359 2877 1460 2923 accu-

312 2980 390 3040 rate
431 2973 564 3059 populo
604 2961 634 3040 e
661 2982 828 3060 suggestu
869 2973 1229 3058 praenuntiabuntur,
1273 2981 1309 3040 et
1336 2994 1460 3060 quam-

313 3088 469 3174 primum
494 3111 616 3158 earum
645 3111 785 3158 summa
817 3091 863 3158 ad
895 3089 1127 3158 Cacellarium
1152 3089 1323 3160 Nostrum
1345 3098 1459 3157 trans-

311 3204 487 3273 mittetur.

363 3423 401 3488 15
407 3401 454 3488 5⁰.
505 3402 602 3470 Nulli
634 3401 754 3470 licebit
788 3403 933 3470 Rectori
964 3403 1001 3469 in
1035 3403 1180 3471 ecclesia
1213 3403 1280 3470 sibi
1313 3404 1459 3472 subdita

315 3518 501 3615 collectam
535 3519 660 3604 jubere
695 3528 760 3586 aut
795 3519 1002 3605 permittere
1038 3542 1103 3606 pro
1135 3539 1243 3606 opere
1278 3522 1376 3608 quod
1412 3523 1459 3588 ad

315 3636 450 3716 bonum
482 3634 649 3702 ecclesiae
680 3635 884 3721 praedictae
917 3658 978 3703 seu
1010 3637 1293 3723 congregationis
1324 3637 1458 3704 directe

314 3772 385 3818 non
420 3751 604 3830 referatur,
633 3751 701 3818 nisi
724 3753 769 3818 de
796 3752 931 3838 judicio
964 3753 1142 3821 Ordinarii
1169 3753 1248 3832 fiat;
1272 3775 1338 3820 nec
1362 3753 1457 3822 sinat

314 3868 448 3936 Rector
480 3877 521 3934 ut
547 3867 666 3935 ubivis
694 3867 731 3935 in
757 3890 822 3936 sua
848 3869 1137 3956 quasi-parochia
1163 3871 1372 3939 Sacerdotes
1398 3893 1457 3937 ex-

314 3983 430 4052 tranei
447 3985 503 4051 vel
521 3983 693 4052 Moniales
709 3984 858 4066 quaevis
877 3986 1046 4072 colligant
1067 3986 1135 4053 nisi
1160 3986 1342 4054 licentiam
1369 3987 1456 4054 Nos·

314 4110 409 4168 tram
425 4100 598 4187 scriptam
614 4100 781 4168 exhibere
792 4111 946 4183 queunt;
970 4125 1043 4184 qua
1058 4103 1087 4169 si
1104 4102 1183 4184 quis
1200 4112 1331 4181 careat,
1344 4103 1457 4170 Nobis

312 4216 555 4285 denuntietur.
