<?xml version="1.0" encoding="UTF-8"?>
<!DOCTYPE html PUBLIC "-//W3C//DTD XHTML 1.0 Transitional//EN"
    "http://www.w3.org/TR/xhtml1/DTD/xhtml1-transitional.dtd">
<html xmlns="http://www.w3.org/1999/xhtml" xml:lang="en" lang="en">
 <head>
  <title>
</title>
<meta http-equiv="Content-Type" content="text/html;charset=utf-8" />
  <meta name='ocr-system' content='tesseract 3.04.00' />
  <meta name='ocr-capabilities' content='ocr_page ocr_carea ocr_par ocr_line ocrx_word'/>
</head>
<body>
  <div class='ocr_page' id='page_1' title='image "./constitutionesd00ocogoog_0029.png"; bbox 0 0 3564 5208; ppageno 0'>
   <div class='ocr_carea' id='block_1_1' title="bbox 358 498 1224 548">
    <p class='ocr_par' dir='ltr' id='par_1_1' title="bbox 358 498 1224 548">
     <span class='ocr_line' id='line_1_1' title="bbox 358 498 1224 548; baseline 0.005 -6"><span class='ocrx_word' id='word_1_1' title='bbox 358 499 398 543; x_wconf 85' lang='lat'>20</span> <span class='ocrx_word' id='word_1_2' title='bbox 636 498 682 544; x_wconf 85' lang='lat' dir='ltr'>DE</span> <span class='ocrx_word' id='word_1_3' title='bbox 709 498 968 548; x_wconf 81' lang='lat' dir='ltr'>SACRAMENTIS</span> <span class='ocrx_word' id='word_1_4' title='bbox 993 499 1033 545; x_wconf 74' lang='lat' dir='ltr'>IN</span> <span class='ocrx_word' id='word_1_5' title='bbox 1059 499 1224 547; x_wconf 83' lang='lat' dir='ltr'>GENERE.</span> 
     </span>
    </p>
   </div>
   <div class='ocr_carea' id='block_1_2' title="bbox 350 693 1517 1478">
    <p class='ocr_par' dir='ltr' id='par_1_2' title="bbox 350 693 1517 1478">
     <span class='ocr_line' id='line_1_2' title="bbox 354 693 1499 780; baseline 0.002 -21"><span class='ocrx_word' id='word_1_6' title='bbox 354 701 436 778; x_wconf 90' lang='lat' dir='ltr'>post</span> <span class='ocrx_word' id='word_1_7' title='bbox 453 693 632 779; x_wconf 85' lang='lat' dir='ltr'>integram</span> <span class='ocrx_word' id='word_1_8' title='bbox 650 693 927 761; x_wconf 87' lang='lat' dir='ltr'>celebrationem</span> <span class='ocrx_word' id='word_1_9' title='bbox 945 693 1046 772; x_wconf 87' lang='lat' dir='ltr'>ritus,</span> <span class='ocrx_word' id='word_1_10' title='bbox 1063 693 1186 780; x_wconf 87' lang='lat' dir='ltr'>lingua</span> <span class='ocrx_word' id='word_1_11' title='bbox 1203 693 1338 762; x_wconf 86' lang='lat' dir='ltr'>scilicet</span> <span class='ocrx_word' id='word_1_12' title='bbox 1356 694 1499 772; x_wconf 90' lang='lat' dir='ltr'>Latina,</span> 
     </span>
     <span class='ocr_line' id='line_1_3' title="bbox 353 809 1500 896; baseline 0.003 -22"><span class='ocrx_word' id='word_1_13' title='bbox 353 818 461 894; x_wconf 87' lang='lat' dir='ltr'>prout</span> <span class='ocrx_word' id='word_1_14' title='bbox 488 809 523 876; x_wconf 93' lang='lat' dir='ltr'>in</span> <span class='ocrx_word' id='word_1_15' title='bbox 554 809 693 877; x_wconf 89' lang='lat' dir='ltr'>Rituali</span> <span class='ocrx_word' id='word_1_16' title='bbox 719 809 905 896; x_wconf 76' lang='lat' dir='ltr'>repentur.</span> <span class='ocrx_word' id='word_1_17' title='bbox 966 809 1008 877; x_wconf 93' lang='lat' dir='ltr'>In</span> <span class='ocrx_word' id='word_1_18' title='bbox 1049 810 1237 896; x_wconf 89' lang='lat' dir='ltr'>Baptismo</span> <span class='ocrx_word' id='word_1_19' title='bbox 1265 819 1388 878; x_wconf 90' lang='lat' dir='ltr'>tamen</span> <span class='ocrx_word' id='word_1_20' title='bbox 1416 810 1500 878; x_wconf 88' lang='lat' dir='ltr'>licet</span> 
     </span>
     <span class='ocr_line' id='line_1_4' title="bbox 352 923 1500 1018; baseline 0.002 -28"><span class='ocrx_word' id='word_1_21' title='bbox 352 925 474 1018; x_wconf 87' lang='lat' dir='ltr'>lingua</span> <span class='ocrx_word' id='word_1_22' title='bbox 505 923 645 1012; x_wconf 86' lang='lat' dir='ltr'>vulgari</span> <span class='ocrx_word' id='word_1_23' title='bbox 667 927 724 994; x_wconf 93' lang='lat' dir='ltr'>uti</span> <span class='ocrx_word' id='word_1_24' title='bbox 745 927 782 994; x_wconf 90' lang='lat' dir='ltr'>in</span> <span class='ocrx_word' id='word_1_25' title='bbox 807 925 1080 1012; x_wconf 85' lang='lat' dir='ltr'>quaestionibus</span> <span class='ocrx_word' id='word_1_26' title='bbox 1103 935 1140 994; x_wconf 89' lang='lat' dir='ltr'>et</span> <span class='ocrx_word' id='word_1_27' title='bbox 1163 926 1342 1012; x_wconf 86' lang='lat' dir='ltr'>responsis</span> <span class='ocrx_word' id='word_1_28' title='bbox 1364 926 1500 1012; x_wconf 86' lang='lat' dir='ltr'>patrini</span> 
     </span>
     <span class='ocr_line' id='line_1_5' title="bbox 351 1041 1517 1129; baseline 0.002 -22"><span class='ocrx_word' id='word_1_29' title='bbox 351 1041 408 1108; x_wconf 91' lang='lat' dir='ltr'>vel</span> <span class='ocrx_word' id='word_1_30' title='bbox 431 1042 620 1121; x_wconf 84' lang='lat' dir='ltr'>matrinae,</span> <span class='ocrx_word' id='word_1_31' title='bbox 645 1042 675 1110; x_wconf 89' lang='lat' dir='ltr'>si</span> <span class='ocrx_word' id='word_1_32' title='bbox 698 1044 823 1110; x_wconf 89' lang='lat' dir='ltr'>eadem</span> <span class='ocrx_word' id='word_1_33' title='bbox 848 1065 870 1111; x_wconf 91' lang='lat' dir='ltr'>a</span> <span class='ocrx_word' id='word_1_34' title='bbox 892 1042 1058 1112; x_wconf 90' lang='lat' dir='ltr'>ministro</span> <span class='ocrx_word' id='word_1_35' title='bbox 1072 1043 1171 1129; x_wconf 90' lang='lat' dir='ltr'>prius</span> <span class='ocrx_word' id='word_1_36' title='bbox 1191 1065 1353 1111; x_wconf 86' lang='lat' dir='ltr'>sermone</span> <span class='ocrx_word' id='word_1_37' title='bbox 1368 1043 1517 1112; x_wconf 89' lang='lat' dir='ltr'>Latino·</span> 
     </span>
     <span class='ocr_line' id='line_1_6' title="bbox 351 1158 1498 1246; baseline 0.003 -24"><span class='ocrx_word' id='word_1_38' title='bbox 351 1159 548 1226; x_wconf 86' lang='lat' dir='ltr'>recitentur</span> <span class='ocrx_word' id='word_1_39' title='bbox 578 1158 629 1241; x_wconf 88' lang='lat' dir='ltr'>(S.</span> <span class='ocrx_word' id='word_1_40' title='bbox 659 1159 702 1226; x_wconf 88' lang='lat' dir='ltr'>R.</span> <span class='ocrx_word' id='word_1_41' title='bbox 733 1159 772 1226; x_wconf 88' lang='lat' dir='ltr'>C.</span> <span class='ocrx_word' id='word_1_42' title='bbox 805 1181 821 1246; x_wconf 84' lang='lat'>5</span> <span class='ocrx_word' id='word_1_43' title='bbox 853 1158 961 1226; x_wconf 82' lang='lat' dir='ltr'>Mart.</span> <span class='ocrx_word' id='word_1_44' title='bbox 996 1161 1116 1245; x_wconf 87' lang='lat'>1904),·</span> <span class='ocrx_word' id='word_1_45' title='bbox 1144 1168 1180 1227; x_wconf 92' lang='lat' dir='ltr'>et</span> <span class='ocrx_word' id='word_1_46' title='bbox 1210 1159 1367 1227; x_wconf 91' lang='lat' dir='ltr'>Ritualis</span> <span class='ocrx_word' id='word_1_47' title='bbox 1393 1160 1498 1246; x_wconf 87' lang='lat' dir='ltr'>jubet</span> 
     </span>
     <span class='ocr_line' id='line_1_7' title="bbox 350 1273 1499 1362; baseline 0.001 -20"><span class='ocrx_word' id='word_1_48' title='bbox 350 1296 500 1360; x_wconf 91' lang='lat' dir='ltr'>sponsos</span> <span class='ocrx_word' id='word_1_49' title='bbox 524 1275 560 1343; x_wconf 93' lang='lat' dir='ltr'>in</span> <span class='ocrx_word' id='word_1_50' title='bbox 589 1273 809 1343; x_wconf 85' lang='lat' dir='ltr'>Matrimonii</span> <span class='ocrx_word' id='word_1_51' title='bbox 834 1275 1074 1343; x_wconf 88' lang='lat' dir='ltr'>celebratione</span> <span class='ocrx_word' id='word_1_52' title='bbox 1100 1277 1240 1362; x_wconf 86' lang='lat' dir='ltr'>vulgari</span> <span class='ocrx_word' id='word_1_53' title='bbox 1265 1297 1428 1346; x_wconf 86' lang='lat' dir='ltr'>sermone</span> <span class='ocrx_word' id='word_1_54' title='bbox 1454 1278 1499 1344; x_wconf 91' lang='lat' dir='ltr'>de</span> 
     </span>
     <span class='ocr_line' id='line_1_8' title="bbox 350 1391 780 1478; baseline 0 -21"><span class='ocrx_word' id='word_1_55' title='bbox 350 1412 524 1459; x_wconf 90' lang='lat' dir='ltr'>consensu</span> <span class='ocrx_word' id='word_1_56' title='bbox 556 1391 780 1478; x_wconf 86' lang='lat' dir='ltr'>interrogari.</span> 
     </span>
    </p>
   </div>
   <div class='ocr_carea' id='block_1_3' title="bbox 345 1591 1505 2608">
    <p class='ocr_par' dir='ltr' id='par_1_3' title="bbox 345 1591 1505 2608">
     <span class='ocr_line' id='line_1_9' title="bbox 394 1591 1497 1676; baseline 0.005 -20"><span class='ocrx_word' id='word_1_57' title='bbox 394 1591 467 1676; x_wconf 79' lang='lat'>31⁰.</span> <span class='ocrx_word' id='word_1_58' title='bbox 516 1591 670 1676; x_wconf 85' lang='lat' dir='ltr'>Quando</span> <span class='ocrx_word' id='word_1_59' title='bbox 709 1592 953 1670; x_wconf 89' lang='lat' dir='ltr'>Sacramenta,</span> <span class='ocrx_word' id='word_1_60' title='bbox 1000 1593 1059 1674; x_wconf 89' lang='lat' dir='ltr'>(ne</span> <span class='ocrx_word' id='word_1_61' title='bbox 1098 1592 1332 1661; x_wconf 75' lang='lat' dir='ltr'>sacramento</span> <span class='ocrx_word' id='word_1_62' title='bbox 1372 1592 1497 1661; x_wconf 90' lang='lat' dir='ltr'>Poeni-</span> 
     </span>
     <span class='ocr_line' id='line_1_10' title="bbox 349 1707 1497 1795; baseline 0.003 -22"><span class='ocrx_word' id='word_1_63' title='bbox 349 1707 486 1775; x_wconf 88' lang='lat' dir='ltr'>tentiae</span> <span class='ocrx_word' id='word_1_64' title='bbox 516 1707 663 1794; x_wconf 90' lang='lat' dir='ltr'>quidem</span> <span class='ocrx_word' id='word_1_65' title='bbox 695 1709 875 1793; x_wconf 74' lang='lat' dir='ltr'>excepto)</span> <span class='ocrx_word' id='word_1_66' title='bbox 908 1707 945 1775; x_wconf 92' lang='lat' dir='ltr'>in</span> <span class='ocrx_word' id='word_1_67' title='bbox 978 1707 1143 1786; x_wconf 73' lang='lat' dir='ltr'>ecclesiis</span> <span class='ocrx_word' id='word_1_68' title='bbox 1178 1715 1243 1776; x_wconf 91' lang='lat' dir='ltr'>aut</span> <span class='ocrx_word' id='word_1_69' title='bbox 1274 1707 1311 1776; x_wconf 94' lang='lat' dir='ltr'>in</span> <span class='ocrx_word' id='word_1_70' title='bbox 1344 1709 1497 1795; x_wconf 87' lang='lat' dir='ltr'>propriis</span> 
     </span>
     <span class='ocr_line' id='line_1_11' title="bbox 348 1823 1496 1903; baseline 0.003 -13"><span class='ocrx_word' id='word_1_71' title='bbox 348 1823 498 1891; x_wconf 92' lang='lat' dir='ltr'>aedibus</span> <span class='ocrx_word' id='word_1_72' title='bbox 514 1823 717 1892; x_wconf 85' lang='lat' dir='ltr'>Sacerdotis</span> <span class='ocrx_word' id='word_1_73' title='bbox 734 1823 978 1903; x_wconf 67' lang='lat' dir='ltr'>conienmtun</span> <span class='ocrx_word' id='word_1_74' title='bbox 998 1825 1166 1892; x_wconf 91' lang='lat' dir='ltr'>volumus</span> <span class='ocrx_word' id='word_1_75' title='bbox 1182 1832 1224 1893; x_wconf 90' lang='lat' dir='ltr'>ut</span> <span class='ocrx_word' id='word_1_76' title='bbox 1242 1825 1354 1892; x_wconf 89' lang='lat' dir='ltr'>vestis</span> <span class='ocrx_word' id='word_1_77' title='bbox 1371 1825 1496 1893; x_wconf 90' lang='lat' dir='ltr'>talaris</span> 
     </span>
     <span class='ocr_line' id='line_1_12' title="bbox 347 1939 1495 2028; baseline 0.004 -22"><span class='ocrx_word' id='word_1_78' title='bbox 347 1948 384 2007; x_wconf 91' lang='lat' dir='ltr'>et</span> <span class='ocrx_word' id='word_1_79' title='bbox 417 1939 712 2026; x_wconf 86' lang='lat' dir='ltr'>superpelliceum</span> <span class='ocrx_word' id='word_1_80' title='bbox 745 1939 997 2020; x_wconf 82' lang='lat' dir='ltr'>adhibeantur,</span> <span class='ocrx_word' id='word_1_81' title='bbox 1033 1949 1070 2009; x_wconf 91' lang='lat' dir='ltr'>et</span> <span class='ocrx_word' id='word_1_82' title='bbox 1103 1942 1257 2028; x_wconf 90' lang='lat' dir='ltr'>desuper</span> <span class='ocrx_word' id='word_1_83' title='bbox 1289 1941 1383 2009; x_wconf 90' lang='lat' dir='ltr'>stola</span> <span class='ocrx_word' id='word_1_84' title='bbox 1417 1943 1495 2028; x_wconf 87' lang='lat' dir='ltr'>ejus</span> 
     </span>
     <span class='ocr_line' id='line_1_13' title="bbox 345 2055 1494 2144; baseline 0.004 -22"><span class='ocrx_word' id='word_1_85' title='bbox 345 2055 473 2124; x_wconf 91' lang='lat' dir='ltr'>coloris</span> <span class='ocrx_word' id='word_1_86' title='bbox 500 2077 609 2143; x_wconf 88' lang='lat' dir='ltr'>quem</span> <span class='ocrx_word' id='word_1_87' title='bbox 637 2056 861 2125; x_wconf 89' lang='lat' dir='ltr'>Sacramenti</span> <span class='ocrx_word' id='word_1_88' title='bbox 889 2056 979 2125; x_wconf 85' lang='lat' dir='ltr'>n‘tus</span> <span class='ocrx_word' id='word_1_89' title='bbox 1004 2057 1176 2144; x_wconf 87' lang='lat' dir='ltr'>exposcit.</span> <span class='ocrx_word' id='word_1_90' title='bbox 1225 2057 1364 2126; x_wconf 90' lang='lat' dir='ltr'>Eadem</span> <span class='ocrx_word' id='word_1_91' title='bbox 1393 2080 1494 2127; x_wconf 89' lang='lat' dir='ltr'>sacra</span> 
     </span>
     <span class='ocr_line' id='line_1_14' title="bbox 345 2157 1505 2260; baseline 0.001 -18"><span class='ocrx_word' id='word_1_92' title='bbox 345 2172 569 2251; x_wconf 87' lang='lat' dir='ltr'>indumenta,</span> <span class='ocrx_word' id='word_1_93' title='bbox 597 2182 776 2259; x_wconf 91' lang='lat' dir='ltr'>quantum</span> <span class='ocrx_word' id='word_1_94' title='bbox 803 2173 878 2239; x_wconf 88' lang='lat' dir='ltr'>fieri</span> <span class='ocrx_word' id='word_1_95' title='bbox 905 2173 1049 2259; x_wconf 89' lang='lat' dir='ltr'>poterit,</span> <span class='ocrx_word' id='word_1_96' title='bbox 1078 2173 1321 2242; x_wconf 85' lang='lat' dir='ltr'>adhibeantur</span> <span class='ocrx_word' id='word_1_97' title='bbox 1346 2157 1505 2260; x_wconf 20' lang='lat' dir='ltr'>quando·</span> 
     </span>
     <span class='ocr_line' id='line_1_15' title="bbox 346 2289 1493 2376; baseline 0.002 -20"><span class='ocrx_word' id='word_1_98' title='bbox 346 2290 382 2356; x_wconf 92' lang='lat' dir='ltr'>in</span> <span class='ocrx_word' id='word_1_99' title='bbox 406 2289 555 2357; x_wconf 90' lang='lat' dir='ltr'>aedibus</span> <span class='ocrx_word' id='word_1_100' title='bbox 577 2289 730 2376; x_wconf 83' lang='lat' dir='ltr'>privatis</span> <span class='ocrx_word' id='word_1_101' title='bbox 753 2289 986 2358; x_wconf 85' lang='lat' dir='ltr'>Sacramenta</span> <span class='ocrx_word' id='word_1_102' title='bbox 1009 2290 1253 2358; x_wconf 85' lang='lat' dir='ltr'>conferuntur.</span> <span class='ocrx_word' id='word_1_103' title='bbox 1302 2291 1403 2358; x_wconf 87' lang='lat' dir='ltr'>Stola</span> <span class='ocrx_word' id='word_1_104' title='bbox 1426 2292 1493 2359; x_wconf 93' lang='lat' dir='ltr'>sal-</span> 
     </span>
     <span class='ocr_line' id='line_1_16' title="bbox 346 2405 1491 2492; baseline 0.003 -20"><span class='ocrx_word' id='word_1_105' title='bbox 346 2415 421 2474; x_wconf 92' lang='lat' dir='ltr'>tem</span> <span class='ocrx_word' id='word_1_106' title='bbox 438 2405 536 2474; x_wconf 92' lang='lat' dir='ltr'>omni</span> <span class='ocrx_word' id='word_1_107' title='bbox 551 2405 588 2473; x_wconf 88' lang='lat' dir='ltr'>in</span> <span class='ocrx_word' id='word_1_108' title='bbox 605 2427 690 2472; x_wconf 89' lang='lat' dir='ltr'>casu</span> <span class='ocrx_word' id='word_1_109' title='bbox 707 2405 900 2484; x_wconf 82' lang='lat' dir='ltr'>deferatur,</span> <span class='ocrx_word' id='word_1_110' title='bbox 918 2405 987 2474; x_wconf 91' lang='lat' dir='ltr'>nisi</span> <span class='ocrx_word' id='word_1_111' title='bbox 1002 2406 1196 2474; x_wconf 89' lang='lat' dir='ltr'>necessitas</span> <span class='ocrx_word' id='word_1_112' title='bbox 1211 2406 1249 2474; x_wconf 92' lang='lat' dir='ltr'>id</span> <span class='ocrx_word' id='word_1_113' title='bbox 1266 2427 1410 2492; x_wconf 89' lang='lat' dir='ltr'>prorsus</span> <span class='ocrx_word' id='word_1_114' title='bbox 1425 2407 1491 2476; x_wconf 89' lang='lat' dir='ltr'>im-</span> 
     </span>
     <span class='ocr_line' id='line_1_17' title="bbox 347 2522 480 2608; baseline -0.015 -18"><span class='ocrx_word' id='word_1_115' title='bbox 347 2522 480 2608; x_wconf 90' lang='lat' dir='ltr'>pediat.</span> 
     </span>
    </p>
   </div>
   <div class='ocr_carea' id='block_1_4' title="bbox 343 2726 1490 3511">
    <p class='ocr_par' dir='ltr' id='par_1_4' title="bbox 343 2726 1490 3511">
     <span class='ocr_line' id='line_1_18' title="bbox 390 2726 1490 2814; baseline 0.002 -21"><span class='ocrx_word' id='word_1_116' title='bbox 390 2727 463 2813; x_wconf 84' lang='lat'>32⁰.</span> <span class='ocrx_word' id='word_1_117' title='bbox 511 2727 673 2795; x_wconf 88' lang='lat' dir='ltr'>Caveant</span> <span class='ocrx_word' id='word_1_118' title='bbox 689 2727 899 2795; x_wconf 87' lang='lat' dir='ltr'>Sacerdotes</span> <span class='ocrx_word' id='word_1_119' title='bbox 913 2748 959 2794; x_wconf 92' lang='lat' dir='ltr'>ne</span> <span class='ocrx_word' id='word_1_120' title='bbox 975 2726 1111 2812; x_wconf 90' lang='lat' dir='ltr'>aliquid</span> <span class='ocrx_word' id='word_1_121' title='bbox 1127 2749 1149 2795; x_wconf 91' lang='lat' dir='ltr'>a</span> <span class='ocrx_word' id='word_1_122' title='bbox 1164 2727 1329 2795; x_wconf 90' lang='lat' dir='ltr'>fidelibus</span> <span class='ocrx_word' id='word_1_123' title='bbox 1344 2729 1490 2814; x_wconf 86' lang='lat' dir='ltr'>exigant</span> 
     </span>
     <span class='ocr_line' id='line_1_19' title="bbox 344 2841 1489 2923; baseline 0 -12"><span class='ocrx_word' id='word_1_124' title='bbox 344 2843 530 2911; x_wconf 90' lang='lat' dir='ltr'>occasione</span> <span class='ocrx_word' id='word_1_125' title='bbox 546 2843 769 2910; x_wconf 89' lang='lat' dir='ltr'>Sacramenti</span> <span class='ocrx_word' id='word_1_126' title='bbox 784 2841 1062 2911; x_wconf 87' lang='lat' dir='ltr'>administrandi</span> <span class='ocrx_word' id='word_1_127' title='bbox 1077 2843 1135 2909; x_wconf 88' lang='lat' dir='ltr'>vel</span> <span class='ocrx_word' id='word_1_128' title='bbox 1151 2843 1405 2923; x_wconf 86' lang='lat' dir='ltr'>administrati,</span> <span class='ocrx_word' id='word_1_129' title='bbox 1424 2853 1489 2911; x_wconf 88' lang='lat' dir='ltr'>aut</span> 
     </span>
     <span class='ocr_line' id='line_1_20' title="bbox 345 2958 1488 3047; baseline 0.002 -21"><span class='ocrx_word' id='word_1_130' title='bbox 345 2959 481 3047; x_wconf 91' lang='lat' dir='ltr'>aliquid</span> <span class='ocrx_word' id='word_1_131' title='bbox 502 2961 668 3027; x_wconf 88' lang='lat' dir='ltr'>eadere</span> <span class='ocrx_word' id='word_1_132' title='bbox 689 2959 927 3045; x_wconf 89' lang='lat' dir='ltr'>paciscantur.</span> <span class='ocrx_word' id='word_1_133' title='bbox 975 2958 1165 3026; x_wconf 87' lang='lat' dir='ltr'>Caeterum</span> <span class='ocrx_word' id='word_1_134' title='bbox 1186 2959 1285 3026; x_wconf 91' lang='lat' dir='ltr'>nullo</span> <span class='ocrx_word' id='word_1_135' title='bbox 1306 2968 1415 3046; x_wconf 92' lang='lat' dir='ltr'>pacto</span> <span class='ocrx_word' id='word_1_136' title='bbox 1434 2960 1488 3028; x_wconf 90' lang='lat' dir='ltr'>in-</span> 
     </span>
     <span class='ocr_line' id='line_1_21' title="bbox 344 3074 1487 3162; baseline 0 -19"><span class='ocrx_word' id='word_1_137' title='bbox 344 3076 509 3144; x_wconf 89' lang='lat' dir='ltr'>hibemus</span> <span class='ocrx_word' id='word_1_138' title='bbox 527 3097 574 3144; x_wconf 92' lang='lat' dir='ltr'>ne</span> <span class='ocrx_word' id='word_1_139' title='bbox 593 3075 727 3142; x_wconf 88' lang='lat' dir='ltr'>Rector</span> <span class='ocrx_word' id='word_1_140' title='bbox 746 3074 896 3161; x_wconf 89' lang='lat' dir='ltr'>recipiat</span> <span class='ocrx_word' id='word_1_141' title='bbox 916 3096 1010 3162; x_wconf 91' lang='lat' dir='ltr'>quae</span> <span class='ocrx_word' id='word_1_142' title='bbox 1030 3083 1159 3160; x_wconf 88' lang='lat' dir='ltr'>sponte</span> <span class='ocrx_word' id='word_1_143' title='bbox 1178 3076 1335 3143; x_wconf 85' lang='lat' dir='ltr'>offerunt</span> <span class='ocrx_word' id='word_1_144' title='bbox 1355 3075 1487 3155; x_wconf 72' lang='lat' dir='ltr'>fideles</span> 
     </span>
     <span class='ocr_line' id='line_1_22' title="bbox 343 3191 1490 3278; baseline 0 -18"><span class='ocrx_word' id='word_1_145' title='bbox 343 3194 450 3278; x_wconf 87' lang='lat' dir='ltr'>juxta</span> <span class='ocrx_word' id='word_1_146' title='bbox 482 3191 701 3260; x_wconf 88' lang='lat' dir='ltr'>laudabilem</span> <span class='ocrx_word' id='word_1_147' title='bbox 735 3191 1042 3269; x_wconf 87' lang='lat' dir='ltr'>consuetudinem,</span> <span class='ocrx_word' id='word_1_148' title='bbox 1079 3191 1115 3258; x_wconf 92' lang='lat' dir='ltr'>in</span> <span class='ocrx_word' id='word_1_149' title='bbox 1152 3213 1334 3260; x_wconf 90' lang='lat' dir='ltr'>sacrorum</span> <span class='ocrx_word' id='word_1_150' title='bbox 1369 3192 1490 3262; x_wconf 89' lang='lat' dir='ltr'>Minis-</span> 
     </span>
     <span class='ocr_line' id='line_1_23' title="bbox 343 3307 1490 3386; baseline -0.001 -10"><span class='ocrx_word' id='word_1_151' title='bbox 343 3319 482 3379; x_wconf 90' lang='lat' dir='ltr'>trorum</span> <span class='ocrx_word' id='word_1_152' title='bbox 511 3309 823 3386; x_wconf 89' lang='lat' dir='ltr'>sustentationem,</span> <span class='ocrx_word' id='word_1_153' title='bbox 855 3307 1040 3375; x_wconf 87' lang='lat' dir='ltr'>occasione</span> <span class='ocrx_word' id='word_1_154' title='bbox 1070 3308 1290 3377; x_wconf 90' lang='lat' dir='ltr'>Matrimonii</span> <span class='ocrx_word' id='word_1_155' title='bbox 1319 3309 1490 3376; x_wconf 87' lang='lat' dir='ltr'>celebrati</span> 
     </span>
     <span class='ocr_line' id='line_1_24' title="bbox 345 3424 737 3511; baseline 0 -20"><span class='ocrx_word' id='word_1_156' title='bbox 345 3426 402 3492; x_wconf 87' lang='lat' dir='ltr'>vel</span> <span class='ocrx_word' id='word_1_157' title='bbox 416 3424 594 3511; x_wconf 89' lang='lat' dir='ltr'>Baptismi</span> <span class='ocrx_word' id='word_1_158' title='bbox 606 3425 737 3492; x_wconf 88' lang='lat' dir='ltr'>collati.</span> 
     </span>
    </p>
   </div>
   <div class='ocr_carea' id='block_1_5' title="bbox 212 3627 1489 4298">
    <p class='ocr_par' dir='ltr' id='par_1_5' title="bbox 212 3627 1489 4056">
     <span class='ocr_line' id='line_1_25' title="bbox 389 3627 1486 3716; baseline 0 -20"><span class='ocrx_word' id='word_1_159' title='bbox 389 3655 407 3716; x_wconf 81' lang='lat'>3</span> <span class='ocrx_word' id='word_1_160' title='bbox 412 3629 461 3716; x_wconf 84' lang='lat'>3⁰.</span> <span class='ocrx_word' id='word_1_161' title='bbox 511 3629 630 3714; x_wconf 86' lang='lat' dir='ltr'>Quum</span> <span class='ocrx_word' id='word_1_162' title='bbox 656 3628 778 3695; x_wconf 88' lang='lat' dir='ltr'>omnia</span> <span class='ocrx_word' id='word_1_163' title='bbox 804 3628 1001 3696; x_wconf 90' lang='lat' dir='ltr'>secundum</span> <span class='ocrx_word' id='word_1_164' title='bbox 1028 3627 1190 3696; x_wconf 90' lang='lat' dir='ltr'>ordinem</span> <span class='ocrx_word' id='word_1_165' title='bbox 1216 3629 1292 3696; x_wconf 90' lang='lat' dir='ltr'>fieri</span> <span class='ocrx_word' id='word_1_166' title='bbox 1318 3629 1486 3707; x_wconf 88' lang='lat' dir='ltr'>debeant,</span> 
     </span>
     <span class='ocr_line' id='line_1_26' title="bbox 223 3743 1489 3831; baseline -0.002 -17"><span class='ocrx_word' id='word_1_167' title='bbox 223 3823 226 3828; x_wconf 15' lang='grc' dir='ltr'><strong>Δ</strong></span> <span class='ocrx_word' id='word_1_168' title='bbox 343 3746 463 3814; x_wconf 93' lang='lat' dir='ltr'>nullus</span> <span class='ocrx_word' id='word_1_169' title='bbox 492 3745 674 3822; x_wconf 89' lang='lat' dir='ltr'>Sacerdos,</span> <span class='ocrx_word' id='word_1_170' title='bbox 705 3744 773 3812; x_wconf 92' lang='lat' dir='ltr'>nisi</span> <span class='ocrx_word' id='word_1_171' title='bbox 804 3743 899 3812; x_wconf 88' lang='lat' dir='ltr'>adsit</span> <span class='ocrx_word' id='word_1_172' title='bbox 929 3743 1126 3830; x_wconf 90' lang='lat' dir='ltr'>periculum</span> <span class='ocrx_word' id='word_1_173' title='bbox 1157 3754 1221 3812; x_wconf 90' lang='lat' dir='ltr'>aut</span> <span class='ocrx_word' id='word_1_174' title='bbox 1251 3754 1378 3831; x_wconf 86' lang='lat' dir='ltr'>urgeat</span> <span class='ocrx_word' id='word_1_175' title='bbox 1407 3767 1489 3814; x_wconf 91' lang='lat' dir='ltr'>nec-</span> 
     </span>
     <span class='ocr_line' id='line_1_27' title="bbox 212 3859 1488 3959; baseline -0.003 -29"><span class='ocrx_word' id='word_1_176' title='bbox 212 3899 224 3959; x_wconf 62' lang='lat'><em>5</em></span> <span class='ocrx_word' id='word_1_177' title='bbox 299 3952 304 3959; x_wconf 82' lang='lat'><strong><em>.</em></strong></span> <span class='ocrx_word' id='word_1_178' title='bbox 342 3861 478 3940; x_wconf 74' lang='lat' dir='ltr'>essitas</span> <span class='ocrx_word' id='word_1_179' title='bbox 499 3859 624 3929; x_wconf 88' lang='lat' dir='ltr'>alienis</span> <span class='ocrx_word' id='word_1_180' title='bbox 647 3861 811 3938; x_wconf 88' lang='lat' dir='ltr'>subditis,</span> <span class='ocrx_word' id='word_1_181' title='bbox 831 3883 893 3929; x_wconf 89' lang='lat' dir='ltr'>seu</span> <span class='ocrx_word' id='word_1_182' title='bbox 918 3870 1022 3928; x_wconf 86' lang='lat' dir='ltr'>extra</span> <span class='ocrx_word' id='word_1_183' title='bbox 1044 3859 1177 3928; x_wconf 90' lang='lat' dir='ltr'>limites</span> <span class='ocrx_word' id='word_1_184' title='bbox 1198 3861 1386 3930; x_wconf 86' lang='lat' dir='ltr'>districtus</span> <span class='ocrx_word' id='word_1_185' title='bbox 1409 3861 1488 3939; x_wconf 86' lang='lat' dir='ltr'>sibi,</span> 
     </span>
     <span class='ocr_line' id='line_1_28' title="bbox 220 3963 1486 4056; baseline -0.002 -10"><span class='ocrx_word' id='word_1_186' title='bbox 220 3989 223 3993; x_wconf 83' lang='lat'>&#39;</span> <span class='ocrx_word' id='word_1_187' title='bbox 258 3963 260 3970; x_wconf 12' lang='grc' dir='ltr'>ἲ</span> <span class='ocrx_word' id='word_1_188' title='bbox 343 3978 398 4046; x_wconf 88' lang='lat' dir='ltr'>uti</span> <span class='ocrx_word' id='word_1_189' title='bbox 425 3987 489 4046; x_wconf 92' lang='lat' dir='ltr'>aut</span> <span class='ocrx_word' id='word_1_190' title='bbox 516 3977 663 4046; x_wconf 89' lang='lat' dir='ltr'>Rectori</span> <span class='ocrx_word' id='word_1_191' title='bbox 689 3987 753 4045; x_wconf 90' lang='lat' dir='ltr'>aut</span> <span class='ocrx_word' id='word_1_192' title='bbox 781 3977 978 4054; x_wconf 86' lang='lat' dir='ltr'>auxiliario,</span> <span class='ocrx_word' id='word_1_193' title='bbox 1008 3977 1213 4055; x_wconf 86' lang='lat' dir='ltr'>concrediti,</span> <span class='ocrx_word' id='word_1_194' title='bbox 1243 3978 1486 4056; x_wconf 85' lang='lat' dir='ltr'>Sacramenta,</span> 
     </span>
    </p>

    <p class='ocr_par' dir='ltr' id='par_1_6' title="bbox 269 4092 1488 4298">
     <span class='ocr_line' id='line_1_29' title="bbox 269 4092 1488 4194; baseline -0.002 -32"><span class='ocrx_word' id='word_1_195' title='bbox 269 4143 271 4146; x_wconf 88' lang='lat'><em>-</em></span> <span class='ocrx_word' id='word_1_196' title='bbox 312 4093 571 4194; x_wconf 29' lang='lat' dir='ltr'>*Pp—enitentia</span> <span class='ocrx_word' id='word_1_197' title='bbox 610 4102 778 4190; x_wconf 47' lang='lat' dir='ltr'>egcepta,</span> <span class='ocrx_word' id='word_1_198' title='bbox 814 4092 1066 4161; x_wconf 88' lang='lat' dir='ltr'>administrare</span> <span class='ocrx_word' id='word_1_199' title='bbox 1104 4103 1311 4178; x_wconf 90' lang='lat' dir='ltr'>praesumat</span> <span class='ocrx_word' id='word_1_200' title='bbox 1351 4095 1488 4180; x_wconf 89' lang='lat' dir='ltr'>absque</span> 
     </span>
     <span class='ocr_line' id='line_1_30' title="bbox 342 4182 1235 4298; baseline -0.002 -20"><span class='ocrx_word' id='word_1_201' title='bbox 342 4182 484 4298; x_wconf 56' lang='lat' dir='ltr'>proprii</span> <span class='ocrx_word' id='word_1_202' title='bbox 496 4185 660 4278; x_wconf 79' lang='lat' dir='ltr'>Rectoris</span> <span class='ocrx_word' id='word_1_203' title='bbox 680 4219 744 4277; x_wconf 90' lang='lat' dir='ltr'>aut</span> <span class='ocrx_word' id='word_1_204' title='bbox 765 4211 898 4277; x_wconf 89' lang='lat' dir='ltr'>Nostra</span> <span class='ocrx_word' id='word_1_205' title='bbox 918 4208 1062 4295; x_wconf 89' lang='lat' dir='ltr'>speciali</span> <span class='ocrx_word' id='word_1_206' title='bbox 1081 4209 1235 4276; x_wconf 90' lang='lat' dir='ltr'>licentia.</span> 
     </span>
    </p>
   </div>
   <div class='ocr_carea' id='block_1_6' title="bbox 0 0 1786 5208">
    <p class='ocr_par' dir='ltr' id='par_1_7' title="bbox 0 0 1786 5208">
     <span class='ocr_line' id='line_1_31' title="bbox 0 0 1786 5208; baseline 0 5"><span class='ocrx_word' id='word_1_207' title='bbox 0 0 1786 5208; x_wconf 95' lang='lat' dir='ltr'> </span> 
     </span>
    </p>
   </div>
  </div>
 </body>
</html>
