3564 5208
362 423 404 502 48
495 439 544 485 DE
571 438 756 488 ECCLESIIS
783 439 830 485 ET
852 439 900 486 DE
924 439 1036 488 BONIS
1062 438 1368 487 ECCLESIASTICIS.

356 645 432 703 tur.
482 634 649 721 Alioquin
668 635 704 701 in
723 635 842 702 dubiis
860 634 1027 703 ecclesiae
1044 634 1360 721 adjudicabuntur.
1399 635 1506 714 item,

364 752 393 819 si
409 752 581 820 Sacerdos
599 750 728 838 aliquis
746 751 935 837 pecuniam
950 751 1132 838 propriam
1149 751 1186 818 in
1211 751 1378 819 ecclesiae
1399 773 1505 820 usum

362 868 564 947 contulerit,
593 867 630 936 id
659 867 723 935 fiat
756 869 934 953 probante
966 867 1252 955 Archiepiscop0‚
1283 877 1319 936 et
1353 869 1389 935 in
1414 867 1507 936 libro

362 985 546 1052 referatur.

413 1135 504 1202 128⁰.
554 1132 708 1218 Quando
725 1134 918 1220 Regulares
939 1134 1129 1220 cujusdam
1146 1135 1330 1202 districtus
1343 1135 1504 1221 regimini

264 1253 266 1258 ’
364 1260 400 1319 et
432 1271 539 1318 curae
569 1251 764 1336 praepositi
794 1251 939 1329 tuerint,
973 1251 1119 1319 ecclesia
1158 1260 1371 1337 caeteraque
1410 1251 1506 1319 bona

365 1367 602 1435 ecclesiastiea
630 1389 724 1455 quae
739 1368 798 1434 vel
822 1367 917 1435 dono
939 1368 997 1434 vel
1018 1367 1264 1435 oblationibus
1280 1366 1450 1445 fidelium,
1469 1368 1504 1434 in

364 1485 536 1562 caritatis,
570 1484 792 1570 religionisve
831 1485 998 1570 operibus
1037 1483 1288 1570 impendenda,
1328 1484 1506 1570 acquisita

364 1601 522 1679 fuerunt,
563 1600 610 1668 ad
658 1600 888 1668 Ordinarium
931 1601 1108 1687 pertinere
1146 1600 1397 1678 censebuntur,
1438 1601 1505 1668 nisi

366 1718 498 1803 scripto
522 1725 663 1785 constet
688 1717 748 1785 illa
771 1717 897 1785 Ordini
913 1718 971 1784 vel
995 1717 1270 1803 congregationi
1294 1717 1330 1784 in
1346 1717 1506 1803 ipsorum

365 1855 471 1902 usum
494 1833 630 1901 tradita
654 1833 772 1902 fuisse.

413 1984 503 2070 129⁰.
553 1983 701 2052 Munera
720 1992 853 2063 autem,
879 1984 1123 2052 ecclesiasticis
1147 1984 1271 2052 usibus
1294 1993 1392 2071 apta,
1414 2005 1507 2071 quae

363 2123 385 2169 a
412 2100 576 2169 fidelibus
602 2109 730 2186 sponte
755 2100 933 2169 missionis
958 2101 1104 2171 Rectori
1130 2101 1254 2169 oblata
1280 2101 1435 2180 fuerunt,
1464 2109 1506 2167 ut

364 2217 530 2286 ecclesiae
561 2217 760 2304 proprietas
792 2218 1032 2298 habebuntur,
1056 2217 1125 2285 nisi
1152 2217 1370 2286 contrarium
1399 2217 1506 2284 fuerit

365 2343 489 2422 aperte
508 2357 530 2403 a
549 2334 784 2402 donatoribus
803 2335 1035 2402 declaratum.
1077 2333 1213 2419 Quodsi
1246 2333 1327 2421 quis
1357 2333 1507 2403 Clerico

364 2473 444 2520 rum
463 2451 521 2518 vel
536 2451 707 2520 laicorum
724 2452 820 2518 bona
838 2451 986 2518 mobilia
1003 2450 1060 2517 vel
1076 2450 1283 2530 immobilia,
1304 2451 1351 2518 ad
1369 2450 1506 2518 ecclesi-

365 2567 496 2636 asticos
513 2589 599 2635 usus
622 2569 720 2646 data,
747 2589 769 2635 a
791 2567 959 2654 desigatis
986 2567 1110 2635 usibus
1137 2576 1264 2635 contra
1290 2568 1506 2635 donatorum

365 2685 591 2754 voluntatem
619 2683 800 2763 averterit,
822 2705 858 2750 se
880 2683 916 2750 in
934 2705 1067 2769 poenas
1083 2705 1105 2750 a
1123 2683 1279 2753 Concilio
1297 2682 1507 2751 Tridentino

365 2802 458 2869 latas
490 2801 586 2884 (sess.
614 2825 666 2880 22,
691 2821 768 2886 cap.
799 2824 835 2866 11
863 2801 908 2867 de
930 2799 1011 2882 ref.)
1028 2799 1216 2866 incurrisse
1229 2798 1382 2867 noverit.

414 2951 505 3037 130⁰.
555 2949 796 3036 Praecipimus
838 2949 1004 3018 omnibus
1047 2947 1299 3016 Sacerdotibus
1340 2956 1383 3014 ut
1425 2968 1508 3014 cau-

366 3067 502 3136 tionem
532 3075 657 3135 contra
686 3067 870 3146 damnum,
902 3087 947 3133 ex
971 3065 1136 3133 incendio
1165 3063 1407 3133 aedificiorum
1440 3063 1509 3132 sibi

366 3184 635 3254 commissorum
654 3183 865 3262 timendum,
884 3204 1023 3268 semper
1038 3189 1229 3269 procurent
1250 3181 1307 3248 vel
1327 3180 1507 3267 quampri-

366 3322 466 3371 mum
491 3308 664 3368 renovent
689 3299 830 3367 nonnisi
854 3299 952 3385 apud
978 3299 1151 3368 Nostrum
1175 3296 1442 3368 Cancellarium.

416 3450 507 3538 131⁰.
557 3451 608 3518 Ut
629 3449 827 3518 forensibus
846 3449 970 3517 litibus
990 3457 1027 3516 et
1046 3448 1188 3535 judiciis
1208 3447 1329 3516 aditus
1349 3447 1507 3533 praeclu-

366 3569 485 3646 datur,
514 3567 702 3636 hortamur
729 3567 969 3652 Presbyteros
998 3565 1072 3633 imo
1099 3586 1184 3632 vero
1212 3563 1324 3632 eisin
1353 3562 1508 3632 Domino

367 3683 596 3770 injungimus,
620 3691 663 3750 ut
683 3685 728 3751 de
750 3682 853 3751 bonis
874 3682 956 3762 suis,
980 3682 1010 3749 si
1031 3703 1104 3769 qua
1123 3681 1210 3768 ipsis
1231 3679 1374 3760 fuerint,
1397 3686 1507 3747 testa-

367 3809 531 3870 mentum
554 3801 601 3868 ad
623 3821 787 3868 normam
809 3799 927 3885 legum
950 3797 1165 3884 tempestive
1187 3797 1428 3866 conscribant:
1463 3817 1509 3864 ne

369 3917 461 3985 lorte
484 3939 527 3984 ea
550 3937 652 4003 quae,
678 3915 764 4002 ipsis
787 3915 993 3994 demortuis
1019 3936 1217 4001 pauperum
1242 3921 1306 3981 aut
1330 3911 1509 3979 Ecclesiae

368 4033 449 4102 usui
478 4033 678 4102 addicenda
708 4031 835 4111 forent,
867 4032 1071 4110 haeredum,
1104 4030 1179 4098 sive
1208 4027 1352 4116 probati
1381 4027 1407 4094 ii
1437 4027 1509 4095 sint

369 4149 444 4218 sive
462 4149 694 4237 praesumpti,
715 4147 914 4235 cupiditate
932 4147 1154 4234 diripiantur.
1205 4145 1248 4213 In
1267 4145 1335 4212 hoc
1352 4143 1509 4214 maxime
