3564 5208
716 524 1047 576 CONSTITUTIONES.
1410 530 1450 594 35

360 719 432 788 82⁰.
481 719 609 806 Quoad
636 719 843 800 liceitatem,
865 720 1089 790 strictissime
1106 721 1354 790 interdicimus
1372 721 1455 791 Sac-

310 836 496 906 erdotibus
537 859 584 905 ne
627 835 708 924 quis
742 836 889 905 assistat
930 837 1163 907 Matrimonio
1197 838 1273 906 sine
1308 837 1453 924 permis-

308 953 409 1022 sione
432 974 599 1040 expressa
620 952 772 1021 Parochi
806 953 874 1020 loci
904 954 962 1022 vel
994 954 1142 1034 Nostra;
1172 953 1343 1034 ite1n,ne
1374 955 1455 1042 quis
1561 1013 1564 1018 .

310 1071 493 1150 Sacerdos,
519 1069 629 1138 etiarn
653 1069 748 1138 infra
771 1069 957 1138 districtus
980 1071 1035 1139 sui
1060 1071 1159 1150 fines,
1185 1070 1331 1140 assistat
1359 1080 1453 1140 mat-

309 1185 461 1257 rimonio
507 1186 706 1255 alienorum
753 1186 981 1256 subditorum
1028 1187 1105 1256 sine
1145 1187 1291 1256 licentia
1330 1209 1453 1256 eorum

311 1302 462 1370 Parochi
486 1303 544 1370 vel
569 1303 718 1383 Nostra;
755 1309 954 1389 praeterea,
977 1303 1006 1371 si
1041 1304 1214 1372 alteruter
1240 1305 1453 1372 contraben-

309 1419 402 1498 tium
426 1418 473 1488 sit
496 1440 611 1506 vagus
633 1419 769 1487 nemini
788 1417 872 1487 licet
889 1441 1012 1488 eorum
1034 1420 1266 1488 matrimonio
1289 1420 1454 1489 assistere

309 1535 386 1604 sine
409 1536 542 1604 Nostra
564 1535 710 1603 licentia
733 1557 755 1603 a
778 1536 997 1604 Cancellario
1012 1538 1180 1623 petenda.

356 1750 428 1838 83⁰.
478 1750 548 1818 Pro
571 1750 693 1836 regula
711 1750 896 1818 ,habeatur
911 1759 953 1819 ut
967 1751 1241 1820 Matrimonium
1257 1752 1457 1820 celebretur

309 1887 430 1937 coram
451 1887 604 1953 sponsae
624 1866 796 1947 Parocho,
827 1888 868 1934 eo
896 1866 1064 1934 videlicet
1091 1867 1128 1934 in
1157 1867 1262 1954 cujus
1289 1867 1455 1935 districtu

308 2003 441 2070 sponsa
458 1989 513 2051 est
530 1981 753 2051 domiciliata
770 1983 829 2050 vel
850 1982 927 2070 jam
950 2003 1014 2070 per
1039 2003 1200 2051 mensem
1220 1991 1454 2052 commorata.

310 2099 367 2168 Ob
399 2099 537 2186 justam
571 2120 657 2166 vero
693 2120 840 2167 causam
874 2099 1008 2186 poterit
1042 2098 1119 2186 ipse
1153 2099 1210 2166 vel
1245 2099 1456 2168 Ordinarius

309 2217 502 2284 concedere
532 2223 574 2284 ut
603 2215 755 2302 nuptiae
778 2215 869 2308 fiant
893 2237 1014 2284 coram
1047 2215 1208 2283 Parocho
1239 2215 1370 2302 sponsi.
1419 2216 1456 2286 si

311 2341 433 2401 tamen
462 2339 647 2419 unapars
676 2331 723 2400 sit
752 2331 963 2412 acatholica,
994 2354 1017 2400 a
1045 2332 1121 2400 solo
1151 2331 1312 2399 Parocho
1341 2331 1455 2419 partis

309 2447 516 2518 Catholicae
533 2447 755 2535 dispensatio
774 2449 932 2534 petenda
951 2457 1017 2528 est,
1038 2457 1076 2516 et
1096 2447 1367 2519 Matrimonium
1387 2449 1455 2516 cel·

310 2565 510 2634 ebrandum
538 2565 639 2632 salvo
668 2586 807 2651 semper
834 2565 944 2652 hujus
974 2564 1124 2633 Parochi
1151 2565 1232 2652 jure
1259 2564 1453 2644 licentiam,

311 2681 341 2749 si
359 2680 398 2750 id
417 2679 486 2750 sibi
504 2682 596 2750 bene
614 2681 733 2749 visum
753 2681 872 2762 fuerit,
894 2681 1113 2750 concedendi
1132 2689 1174 2749 ut
1193 2681 1345 2768 nuptiae
1364 2681 1454 2749 fiant

311 2799 347 2866 in
376 2798 456 2866 loco
485 2797 548 2866 ubi
576 2797 675 2884 degit
705 2818 788 2884 pars
817 2798 1028 2866 acatholica.

355 3012 427 3095 84⁰.
475 3011 671 3082 Celebratis
691 3011 839 3097 nuptiis,
864 3011 1046 3080 Parochus
1067 3013 1125 3079 vel
1147 3012 1209 3099 qui
1230 3034 1355 3098 reapse
1376 3012 1455 3098 ejus

310 3129 406 3196 vices
423 3127 526 3215 gerit,
545 3127 623 3213 ipse
640 3147 752 3195 manu
771 3149 846 3207 sua,
868 3126 1010 3196 etiamsi
1029 3127 1120 3195 alius
1139 3128 1311 3197 Sacerdos
1330 3127 1454 3197 Matri-

309 3243 431 3312 monio
454 3242 648 3322 adstiterit,
675 3243 801 3313 statim
825 3243 1006 3312 describat
1030 3243 1067 3312 in
1092 3243 1184 3312 libro
1207 3243 1454 3312 matrimonio-

310 3382 390 3429 rum
415 3359 564 3428 nomina
590 3359 785 3446 conjugum
813 3381 1008 3448 eorumque
1035 3368 1238 3447 parentum,
1268 3368 1305 3428 et
1333 3361 1454 3429 Sacer-

308 3477 405 3545 dotis
441 3475 666 3562 aliorumque
702 3476 867 3557 testium;
916 3476 1036 3545 locum
1075 3485 1112 3545 et
1149 3476 1245 3545 diem
1284 3477 1454 3545 celebrati

307 3592 543 3672 matrimonii;
577 3613 717 3661 necnon
742 3601 778 3660 et
802 3593 1088 3680 dispensationes
1111 3594 1231 3662 forsan
1256 3614 1452 3662 concessas.

310 3710 415 3792 Item,
453 3709 490 3778 in
531 3708 622 3777 libro
661 3709 930 3796 baptizatorum
968 3711 1032 3778 ubi
1070 3709 1253 3797 baptisma
1292 3709 1454 3797 conjugis

308 3827 496 3914 utriusque
518 3825 735 3906 inscribitur,
762 3827 913 3894 adnotet
938 3827 1128 3915 conjugem
1153 3826 1219 3896 tali
1243 3825 1302 3895 die
1325 3827 1362 3895 in
1389 3849 1454 3894 sua

308 3942 499 4030 paroechia
517 3941 789 4012 matrimonium
810 3943 1045 4024 contraxisse;
1078 3943 1175 4012 idern
1197 3943 1323 4011 statim
1345 3943 1453 4012 faciet

308 4059 486 4148 siquando
512 4060 559 4127 ab
587 4058 657 4126 alio
686 4059 847 4126 Parocho
874 4060 1021 4146 recipiet
1047 4059 1218 4129 nuntium
1246 4060 1292 4126 de
1315 4059 1454 4146 nuptiis

308 4197 431 4245 eorum
447 4175 510 4264 qui
524 4175 561 4244 in
578 4175 656 4262 ejus
672 4175 820 4244 ecclesia
835 4176 1013 4262 baptizati
1034 4176 1178 4244 fuerint.
1228 4175 1265 4244 Si
1281 4175 1455 4244 alteruter
