<?xml version="1.0" encoding="UTF-8"?>
<!DOCTYPE html PUBLIC "-//W3C//DTD XHTML 1.0 Transitional//EN"
    "http://www.w3.org/TR/xhtml1/DTD/xhtml1-transitional.dtd">
<html xmlns="http://www.w3.org/1999/xhtml" xml:lang="en" lang="en">
 <head>
  <title>
</title>
<meta http-equiv="Content-Type" content="text/html;charset=utf-8" />
  <meta name='ocr-system' content='tesseract 3.04.00' />
  <meta name='ocr-capabilities' content='ocr_page ocr_carea ocr_par ocr_line ocrx_word'/>
</head>
<body>
  <div class='ocr_page' id='page_1' title='image "./constitutionesd00ocogoog_0062.png"; bbox 0 0 3564 5208; ppageno 0'>
   <div class='ocr_carea' id='block_1_1' title="bbox 708 519 1041 568">
    <p class='ocr_par' dir='ltr' id='par_1_1' title="bbox 708 519 1041 568">
     <span class='ocr_line' id='line_1_1' title="bbox 708 519 1041 568; baseline -0.003 -1"><span class='ocrx_word' id='word_1_1' title='bbox 708 519 1041 568; x_wconf 79' lang='lat' dir='ltr'>CONSTITUTIONES.</span> 
     </span>
    </p>
   </div>
   <div class='ocr_carea' id='block_1_2' title="bbox 398 814 1305 1040">
    <p class='ocr_par' dir='ltr' id='par_1_2' title="bbox 398 814 1305 1040">
     <span class='ocr_line' id='line_1_2' title="bbox 703 814 1040 886; baseline 0.006 -3"><span class='ocrx_word' id='word_1_2' title='bbox 703 814 909 886; x_wconf 82' lang='lat' dir='ltr'>TlTULUS</span> <span class='ocrx_word' id='word_1_3' title='bbox 935 816 1040 885; x_wconf 85' lang='lat' dir='ltr'>XVI.</span> 
     </span>
     <span class='ocr_line' id='line_1_3' title="bbox 398 925 1305 1040; baseline 0.001 -7"><span class='ocrx_word' id='word_1_4' title='bbox 398 925 402 934; x_wconf 25' lang='grc' dir='ltr'>ι</span> <span class='ocrx_word' id='word_1_5' title='bbox 426 965 488 1034; x_wconf 81' lang='lat' dir='ltr'>De</span> <span class='ocrx_word' id='word_1_6' title='bbox 511 963 760 1035; x_wconf 80' lang='lat' dir='ltr'>Rectorlbus</span> <span class='ocrx_word' id='word_1_7' title='bbox 784 973 825 1034; x_wconf 84' lang='lat' dir='ltr'>et</span> <span class='ocrx_word' id='word_1_8' title='bbox 847 965 1000 1034; x_wconf 82' lang='lat' dir='ltr'>Eorum</span> <span class='ocrx_word' id='word_1_9' title='bbox 1018 964 1305 1040; x_wconf 78' lang='lat' dir='ltr'>Adiutorlbus.</span> 
     </span>
    </p>
   </div>
   <div class='ocr_carea' id='block_1_3' title="bbox 298 1124 1442 2026">
    <p class='ocr_par' dir='ltr' id='par_1_3' title="bbox 298 1124 1442 2026">
     <span class='ocr_line' id='line_1_4' title="bbox 349 1124 1442 1212; baseline 0.003 -21"><span class='ocrx_word' id='word_1_10' title='bbox 349 1127 439 1208; x_wconf 84' lang='lat'>146⁰.</span> <span class='ocrx_word' id='word_1_11' title='bbox 489 1126 659 1194; x_wconf 90' lang='lat' dir='ltr'>Rectores</span> <span class='ocrx_word' id='word_1_12' title='bbox 684 1135 720 1194; x_wconf 89' lang='lat' dir='ltr'>et</span> <span class='ocrx_word' id='word_1_13' title='bbox 746 1125 930 1212; x_wconf 89' lang='lat' dir='ltr'>adjutores</span> <span class='ocrx_word' id='word_1_14' title='bbox 954 1125 991 1192; x_wconf 93' lang='lat' dir='ltr'>in</span> <span class='ocrx_word' id='word_1_15' title='bbox 1016 1125 1193 1193; x_wconf 81' lang='lat' dir='ltr'>charitate</span> <span class='ocrx_word' id='word_1_16' title='bbox 1217 1126 1264 1193; x_wconf 90' lang='lat' dir='ltr'>ad</span> <span class='ocrx_word' id='word_1_17' title='bbox 1288 1124 1442 1194; x_wconf 90' lang='lat' dir='ltr'>invicem</span> 
     </span>
     <span class='ocr_line' id='line_1_5' title="bbox 301 1241 1441 1329; baseline 0.001 -22"><span class='ocrx_word' id='word_1_18' title='bbox 301 1243 453 1310; x_wconf 78' lang='lat' dir='ltr'>{ormam</span> <span class='ocrx_word' id='word_1_19' title='bbox 474 1242 588 1329; x_wconf 82' lang='lat' dir='ltr'>gregis</span> <span class='ocrx_word' id='word_1_20' title='bbox 611 1264 685 1310; x_wconf 90' lang='lat' dir='ltr'>sese</span> <span class='ocrx_word' id='word_1_21' title='bbox 708 1241 913 1321; x_wconf 80' lang='lat' dir='ltr'><strong>exhibeant,</strong></span> <span class='ocrx_word' id='word_1_22' title='bbox 938 1242 1102 1329; x_wconf 85' lang='lat' dir='ltr'>hancque</span> <span class='ocrx_word' id='word_1_23' title='bbox 1124 1241 1293 1311; x_wconf 91' lang='lat' dir='ltr'>unionem</span> <span class='ocrx_word' id='word_1_24' title='bbox 1317 1241 1441 1309; x_wconf 83' lang='lat' dir='ltr'>frater-</span> 
     </span>
     <span class='ocr_line' id='line_1_6' title="bbox 298 1357 1441 1444; baseline 0.001 -20"><span class='ocrx_word' id='word_1_25' title='bbox 298 1379 394 1437; x_wconf 85' lang='lat' dir='ltr'>nam,</span> <span class='ocrx_word' id='word_1_26' title='bbox 421 1380 531 1444; x_wconf 87' lang='lat' dir='ltr'>quam</span> <span class='ocrx_word' id='word_1_27' title='bbox 555 1357 631 1444; x_wconf 87' lang='lat' dir='ltr'>ipse</span> <span class='ocrx_word' id='word_1_28' title='bbox 656 1359 832 1428; x_wconf 88' lang='lat' dir='ltr'>Dominus</span> <span class='ocrx_word' id='word_1_29' title='bbox 855 1366 897 1425; x_wconf 94' lang='lat' dir='ltr'>ut</span> <span class='ocrx_word' id='word_1_30' title='bbox 922 1357 1177 1444; x_wconf 90' lang='lat' dir='ltr'>discipulorum</span> <span class='ocrx_word' id='word_1_31' title='bbox 1202 1379 1347 1427; x_wconf 89' lang='lat' dir='ltr'>suorum</span> <span class='ocrx_word' id='word_1_32' title='bbox 1371 1366 1441 1425; x_wconf 92' lang='lat' dir='ltr'>tes-</span> 
     </span>
     <span class='ocr_line' id='line_1_7' title="bbox 299 1473 1440 1561; baseline 0.001 -20"><span class='ocrx_word' id='word_1_33' title='bbox 299 1495 414 1542; x_wconf 83' lang='lat' dir='ltr'>seram</span> <span class='ocrx_word' id='word_1_34' title='bbox 446 1473 599 1561; x_wconf 90' lang='lat' dir='ltr'>reliquit,</span> <span class='ocrx_word' id='word_1_35' title='bbox 632 1474 731 1544; x_wconf 86' lang='lat' dir='ltr'>omni</span> <span class='ocrx_word' id='word_1_36' title='bbox 762 1496 831 1561; x_wconf 87' lang='lat' dir='ltr'>ope</span> <span class='ocrx_word' id='word_1_37' title='bbox 863 1474 1011 1542; x_wconf 82' lang='lat' dir='ltr'>foveant</span> <span class='ocrx_word' id='word_1_38' title='bbox 1043 1483 1080 1542; x_wconf 88' lang='lat' dir='ltr'>et</span> <span class='ocrx_word' id='word_1_39' title='bbox 1099 1474 1235 1542; x_wconf 90' lang='lat' dir='ltr'>nutrire</span> <span class='ocrx_word' id='word_1_40' title='bbox 1255 1483 1440 1543; x_wconf 89' lang='lat' dir='ltr'>conentur.</span> 
     </span>
     <span class='ocr_line' id='line_1_8' title="bbox 300 1590 1439 1677; baseline 0.002 -20"><span class='ocrx_word' id='word_1_41' title='bbox 300 1591 470 1658; x_wconf 89' lang='lat' dir='ltr'>Rectores</span> <span class='ocrx_word' id='word_1_42' title='bbox 496 1591 679 1677; x_wconf 88' lang='lat' dir='ltr'>adjutores</span> <span class='ocrx_word' id='word_1_43' title='bbox 705 1613 788 1658; x_wconf 88' lang='lat' dir='ltr'>suos</span> <span class='ocrx_word' id='word_1_44' title='bbox 813 1590 965 1677; x_wconf 85' lang='lat' dir='ltr'><strong>benigne</strong></span> <span class='ocrx_word' id='word_1_45' title='bbox 991 1599 1027 1658; x_wconf 89' lang='lat' dir='ltr'>et</span> <span class='ocrx_word' id='word_1_46' title='bbox 1053 1590 1245 1659; x_wconf 83' lang='lat' dir='ltr'>liberaliter</span> <span class='ocrx_word' id='word_1_47' title='bbox 1270 1599 1439 1671; x_wconf 79' lang='lat' dir='ltr'>tractent,</span> 
     </span>
     <span class='ocr_line' id='line_1_9' title="bbox 300 1706 1442 1794; baseline 0.001 -20"><span class='ocrx_word' id='word_1_48' title='bbox 300 1716 335 1774; x_wconf 90' lang='lat' dir='ltr'>et</span> <span class='ocrx_word' id='word_1_49' title='bbox 362 1706 518 1777; x_wconf 90' lang='lat' dir='ltr'>vicissim</span> <span class='ocrx_word' id='word_1_50' title='bbox 543 1708 727 1794; x_wconf 88' lang='lat' dir='ltr'>adjutores</span> <span class='ocrx_word' id='word_1_51' title='bbox 753 1707 967 1775; x_wconf 90' lang='lat' dir='ltr'>Rectoribus</span> <span class='ocrx_word' id='word_1_52' title='bbox 993 1715 1169 1794; x_wconf 86' lang='lat' dir='ltr'>tanquam</span> <span class='ocrx_word' id='word_1_53' title='bbox 1195 1707 1442 1793; x_wconf 84' lang='lat' dir='ltr'>Superioribus</span> 
     </span>
     <span class='ocr_line' id='line_1_10' title="bbox 298 1822 1441 1911; baseline 0.003 -20"><span class='ocrx_word' id='word_1_54' title='bbox 298 1823 550 1903; x_wconf 89' lang='lat' dir='ltr'>obedientiam,</span> <span class='ocrx_word' id='word_1_55' title='bbox 571 1824 752 1902; x_wconf 88' lang='lat' dir='ltr'>honorem,</span> <span class='ocrx_word' id='word_1_56' title='bbox 773 1832 884 1911; x_wconf 92' lang='lat' dir='ltr'>atque</span> <span class='ocrx_word' id='word_1_57' title='bbox 902 1823 939 1890; x_wconf 91' lang='lat' dir='ltr'>in</span> <span class='ocrx_word' id='word_1_58' title='bbox 958 1822 1083 1891; x_wconf 91' lang='lat' dir='ltr'>officiis</span> <span class='ocrx_word' id='word_1_59' title='bbox 1094 1823 1280 1892; x_wconf 84' lang='lat' dir='ltr'>ministerii</span> <span class='ocrx_word' id='word_1_60' title='bbox 1295 1845 1441 1910; x_wconf 84' lang='lat' dir='ltr'>operam</span> 
     </span>
     <span class='ocr_line' id='line_1_11' title="bbox 300 1939 1145 2026; baseline -0.001 -18"><span class='ocrx_word' id='word_1_61' title='bbox 300 1941 521 2026; x_wconf 88' lang='lat' dir='ltr'>postulatam</span> <span class='ocrx_word' id='word_1_62' title='bbox 537 1940 665 2010; x_wconf 90' lang='lat' dir='ltr'>animis</span> <span class='ocrx_word' id='word_1_63' title='bbox 679 1939 936 2010; x_wconf 88' lang='lat' dir='ltr'>lubentissimis</span> <span class='ocrx_word' id='word_1_64' title='bbox 952 1948 1145 2026; x_wconf 89' lang='lat' dir='ltr'>praestent.</span> 
     </span>
    </p>
   </div>
   <div class='ocr_carea' id='block_1_4' title="bbox 298 2121 1441 3141">
    <p class='ocr_par' dir='ltr' id='par_1_4' title="bbox 298 2121 1441 3141">
     <span class='ocr_line' id='line_1_12' title="bbox 348 2121 1440 2210; baseline 0.001 -21"><span class='ocrx_word' id='word_1_65' title='bbox 348 2123 438 2210; x_wconf 84' lang='lat'>147⁰.</span> <span class='ocrx_word' id='word_1_66' title='bbox 488 2123 719 2192; x_wconf 88' lang='lat' dir='ltr'>Declaramus</span> <span class='ocrx_word' id='word_1_67' title='bbox 757 2121 954 2210; x_wconf 87' lang='lat' dir='ltr'>quemlibet</span> <span class='ocrx_word' id='word_1_68' title='bbox 994 2123 1232 2201; x_wconf 86' lang='lat' dir='ltr'>Sacerdotem,</span> <span class='ocrx_word' id='word_1_69' title='bbox 1274 2122 1337 2209; x_wconf 91' lang='lat' dir='ltr'>qui</span> <span class='ocrx_word' id='word_1_70' title='bbox 1376 2145 1440 2208; x_wconf 91' lang='lat' dir='ltr'>pro</span> 
     </span>
     <span class='ocr_line' id='line_1_13' title="bbox 298 2234 1439 2325; baseline 0 -19"><span class='ocrx_word' id='word_1_71' title='bbox 298 2240 366 2306; x_wconf 86' lang='lat' dir='ltr'>hac</span> <span class='ocrx_word' id='word_1_72' title='bbox 390 2238 549 2306; x_wconf 90' lang='lat' dir='ltr'>Dioecesi</span> <span class='ocrx_word' id='word_1_73' title='bbox 571 2239 757 2306; x_wconf 85' lang='lat' dir='ltr'>ordinatus</span> <span class='ocrx_word' id='word_1_74' title='bbox 780 2239 897 2318; x_wconf 88' lang='lat' dir='ltr'>fuerit,</span> <span class='ocrx_word' id='word_1_75' title='bbox 915 2234 987 2307; x_wconf 64' lang='lat' dir='ltr'>&#39;aut</span> <span class='ocrx_word' id='word_1_76' title='bbox 1006 2238 1043 2305; x_wconf 92' lang='lat' dir='ltr'>in</span> <span class='ocrx_word' id='word_1_77' title='bbox 1060 2240 1223 2308; x_wconf 88' lang='lat' dir='ltr'>eamdem</span> <span class='ocrx_word' id='word_1_78' title='bbox 1238 2247 1439 2325; x_wconf 75' lang='lat' dir='ltr'>cooptatus</span> 
     </span>
     <span class='ocr_line' id='line_1_14' title="bbox 299 2355 1441 2442; baseline 0 -20"><span class='ocrx_word' id='word_1_79' title='bbox 299 2355 412 2423; x_wconf 83' lang='lat' dir='ltr'>teneri</span> <span class='ocrx_word' id='word_1_80' title='bbox 430 2356 477 2423; x_wconf 90' lang='lat' dir='ltr'>ad</span> <span class='ocrx_word' id='word_1_81' title='bbox 496 2378 533 2422; x_wconf 89' lang='lat' dir='ltr'>se</span> <span class='ocrx_word' id='word_1_82' title='bbox 551 2355 739 2424; x_wconf 88' lang='lat' dir='ltr'>Ordinario</span> <span class='ocrx_word' id='word_1_83' title='bbox 758 2355 1030 2442; x_wconf 87' lang='lat' dir='ltr'>subjiciendum,</span> <span class='ocrx_word' id='word_1_84' title='bbox 1051 2357 1253 2442; x_wconf 89' lang='lat' dir='ltr'>usquedum</span> <span class='ocrx_word' id='word_1_85' title='bbox 1272 2355 1441 2423; x_wconf 89' lang='lat' dir='ltr'>canonice</span> 
     </span>
     <span class='ocr_line' id='line_1_15' title="bbox 298 2471 1440 2558; baseline -0.002 -18"><span class='ocrx_word' id='word_1_86' title='bbox 298 2471 465 2541; x_wconf 90' lang='lat' dir='ltr'>dimissus</span> <span class='ocrx_word' id='word_1_87' title='bbox 484 2471 601 2551; x_wconf 85' lang='lat' dir='ltr'>fuerit,</span> <span class='ocrx_word' id='word_1_88' title='bbox 617 2481 664 2551; x_wconf 88' lang='lat' dir='ltr'>et,</span> <span class='ocrx_word' id='word_1_89' title='bbox 679 2471 747 2539; x_wconf 92' lang='lat' dir='ltr'>nisi</span> <span class='ocrx_word' id='word_1_90' title='bbox 765 2480 985 2542; x_wconf 88' lang='lat' dir='ltr'>rectoratum</span> <span class='ocrx_word' id='word_1_91' title='bbox 1005 2471 1273 2541; x_wconf 89' lang='lat' dir='ltr'>inamovibilem</span> <span class='ocrx_word' id='word_1_92' title='bbox 1287 2473 1440 2558; x_wconf 87' lang='lat' dir='ltr'>adeptus</span> 
     </span>
     <span class='ocr_line' id='line_1_16' title="bbox 300 2587 1441 2676; baseline 0.001 -21"><span class='ocrx_word' id='word_1_93' title='bbox 300 2589 355 2667; x_wconf 90' lang='lat' dir='ltr'>sit,</span> <span class='ocrx_word' id='word_1_94' title='bbox 384 2591 431 2657; x_wconf 89' lang='lat' dir='ltr'>ad</span> <span class='ocrx_word' id='word_1_95' title='bbox 457 2590 660 2658; x_wconf 87' lang='lat' dir='ltr'>vacandum</span> <span class='ocrx_word' id='word_1_96' title='bbox 686 2587 831 2656; x_wconf 86' lang='lat' dir='ltr'>cuilibet</span> <span class='ocrx_word' id='word_1_97' title='bbox 856 2587 1015 2657; x_wconf 91' lang='lat' dir='ltr'>missioni</span> <span class='ocrx_word' id='word_1_98' title='bbox 1040 2589 1087 2656; x_wconf 89' lang='lat' dir='ltr'>ab</span> <span class='ocrx_word' id='word_1_99' title='bbox 1114 2588 1303 2656; x_wconf 74' lang='lat' dir='ltr'>Ordinatio</span> <span class='ocrx_word' id='word_1_100' title='bbox 1328 2588 1441 2676; x_wconf 89' lang='lat' dir='ltr'>desig-</span> 
     </span>
     <span class='ocr_line' id='line_1_17' title="bbox 299 2704 1441 2793; baseline 0 -21"><span class='ocrx_word' id='word_1_101' title='bbox 299 2714 416 2773; x_wconf 91' lang='lat' dir='ltr'>natae.</span> <span class='ocrx_word' id='word_1_102' title='bbox 466 2704 634 2792; x_wconf 86' lang='lat' dir='ltr'>Cooptari</span> <span class='ocrx_word' id='word_1_103' title='bbox 655 2713 777 2774; x_wconf 85' lang='lat' dir='ltr'>autem</span> <span class='ocrx_word' id='word_1_104' title='bbox 798 2706 1021 2774; x_wconf 89' lang='lat' dir='ltr'>declaramus</span> <span class='ocrx_word' id='word_1_105' title='bbox 1041 2705 1238 2793; x_wconf 90' lang='lat' dir='ltr'>quemlibet</span> <span class='ocrx_word' id='word_1_106' title='bbox 1260 2727 1305 2772; x_wconf 89' lang='lat' dir='ltr'>ex</span> <span class='ocrx_word' id='word_1_107' title='bbox 1325 2705 1441 2773; x_wconf 90' lang='lat' dir='ltr'>aliena</span> 
     </span>
     <span class='ocr_line' id='line_1_18' title="bbox 300 2821 1438 2900; baseline 0 -11"><span class='ocrx_word' id='word_1_108' title='bbox 300 2821 460 2890; x_wconf 88' lang='lat' dir='ltr'>Dioecesi</span> <span class='ocrx_word' id='word_1_109' title='bbox 491 2821 743 2891; x_wconf 88' lang='lat' dir='ltr'>advenientem</span> <span class='ocrx_word' id='word_1_110' title='bbox 775 2821 900 2891; x_wconf 89' lang='lat' dir='ltr'>statim</span> <span class='ocrx_word' id='word_1_111' title='bbox 932 2843 974 2889; x_wconf 90' lang='lat' dir='ltr'>ac</span> <span class='ocrx_word' id='word_1_112' title='bbox 1005 2821 1257 2891; x_wconf 85' lang='lat' dir='ltr'>dimissoriales</span> <span class='ocrx_word' id='word_1_113' title='bbox 1287 2821 1438 2900; x_wconf 86' lang='lat' dir='ltr'>litterae,</span> 
     </span>
     <span class='ocr_line' id='line_1_19' title="bbox 301 2937 1438 3024; baseline 0.001 -19"><span class='ocrx_word' id='word_1_114' title='bbox 301 2937 476 3005; x_wconf 89' lang='lat' dir='ltr'>Praesulis</span> <span class='ocrx_word' id='word_1_115' title='bbox 494 2938 552 3005; x_wconf 92' lang='lat' dir='ltr'>cui</span> <span class='ocrx_word' id='word_1_116' title='bbox 570 2937 731 3024; x_wconf 86' lang='lat' dir='ltr'>proxime</span> <span class='ocrx_word' id='word_1_117' title='bbox 749 2938 916 3006; x_wconf 91' lang='lat' dir='ltr'>subditus</span> <span class='ocrx_word' id='word_1_118' title='bbox 935 2946 1012 3006; x_wconf 87' lang='lat' dir='ltr'>erat</span> <span class='ocrx_word' id='word_1_119' title='bbox 1031 2938 1192 3008; x_wconf 88' lang='lat' dir='ltr'>munitae</span> <span class='ocrx_word' id='word_1_120' title='bbox 1212 2939 1438 3017; x_wconf 86' lang='lat' dir='ltr'>auctoritate,</span> 
     </span>
     <span class='ocr_line' id='line_1_20' title="bbox 301 3049 1071 3141; baseline 0.003 -21"><span class='ocrx_word' id='word_1_121' title='bbox 301 3077 322 3120; x_wconf 92' lang='lat' dir='ltr'>a</span> <span class='ocrx_word' id='word_1_122' title='bbox 339 3053 451 3122; x_wconf 93' lang='lat' dir='ltr'>Nobis</span> <span class='ocrx_word' id='word_1_123' title='bbox 468 3049 664 3122; x_wconf 86' lang='lat' dir='ltr'>formaliter</span> <span class='ocrx_word' id='word_1_124' title='bbox 680 3054 811 3122; x_wconf 84' lang='lat' dir='ltr'>fuerint</span> <span class='ocrx_word' id='word_1_125' title='bbox 827 3063 1046 3141; x_wconf 88' lang='lat' dir='ltr'>acceptatae.</span> <span class='ocrx_word' id='word_1_126' title='bbox 1069 3134 1071 3139; x_wconf 38' lang='grc'><strong>,</strong></span> 
     </span>
    </p>
   </div>
   <div class='ocr_carea' id='block_1_5' title="bbox 302 3236 1443 3903">
    <p class='ocr_par' dir='ltr' id='par_1_5' title="bbox 302 3236 1443 3903">
     <span class='ocr_line' id='line_1_21' title="bbox 349 3236 1442 3323; baseline 0.003 -23"><span class='ocrx_word' id='word_1_127' title='bbox 349 3236 440 3317; x_wconf 80' lang='lat'>148⁰.</span> <span class='ocrx_word' id='word_1_128' title='bbox 496 3236 670 3304; x_wconf 84' lang='lat' dir='ltr'>Salarium</span> <span class='ocrx_word' id='word_1_129' title='bbox 709 3236 963 3304; x_wconf 90' lang='lat' dir='ltr'>Sacerdotibus</span> <span class='ocrx_word' id='word_1_130' title='bbox 1005 3237 1151 3323; x_wconf 87' lang='lat' dir='ltr'>singulis</span> <span class='ocrx_word' id='word_1_131' title='bbox 1190 3236 1442 3305; x_wconf 89' lang='lat' dir='ltr'>constituimus</span> 
     </span>
     <span class='ocr_line' id='line_1_22' title="bbox 302 3352 1443 3438; baseline 0.003 -21"><span class='ocrx_word' id='word_1_132' title='bbox 302 3361 469 3420; x_wconf 88' lang='lat' dir='ltr'>sexcenta</span> <span class='ocrx_word' id='word_1_133' title='bbox 493 3360 636 3420; x_wconf 88' lang='lat' dir='ltr'>scutata</span> <span class='ocrx_word' id='word_1_134' title='bbox 659 3373 721 3438; x_wconf 91' lang='lat' dir='ltr'>per</span> <span class='ocrx_word' id='word_1_135' title='bbox 750 3374 895 3420; x_wconf 89' lang='lat' dir='ltr'>annum.</span> <span class='ocrx_word' id='word_1_136' title='bbox 960 3352 1135 3422; x_wconf 81' lang='lat' dir='ltr'>Salarium</span> <span class='ocrx_word' id='word_1_137' title='bbox 1167 3375 1212 3420; x_wconf 88' lang='lat' dir='ltr'>ex</span> <span class='ocrx_word' id='word_1_138' title='bbox 1243 3353 1443 3421; x_wconf 90' lang='lat' dir='ltr'>redditibus</span> 
     </span>
     <span class='ocr_line' id='line_1_23' title="bbox 302 3468 1441 3556; baseline 0.001 -21"><span class='ocrx_word' id='word_1_139' title='bbox 302 3469 467 3537; x_wconf 87' lang='lat' dir='ltr'>ecclesiae</span> <span class='ocrx_word' id='word_1_140' title='bbox 509 3469 680 3536; x_wconf 91' lang='lat' dir='ltr'>solvenda</span> <span class='ocrx_word' id='word_1_141' title='bbox 724 3477 788 3546; x_wconf 86' lang='lat' dir='ltr'>est,</span> <span class='ocrx_word' id='word_1_142' title='bbox 830 3468 977 3537; x_wconf 89' lang='lat' dir='ltr'>minime</span> <span class='ocrx_word' id='word_1_143' title='bbox 1016 3490 1101 3536; x_wconf 90' lang='lat' dir='ltr'>vero</span> <span class='ocrx_word' id='word_1_144' title='bbox 1123 3468 1354 3556; x_wconf 84' lang='lat' dir='ltr'>exigendum</span> <span class='ocrx_word' id='word_1_145' title='bbox 1395 3471 1441 3536; x_wconf 92' lang='lat' dir='ltr'>ab</span> 
     </span>
     <span class='ocr_line' id='line_1_24' title="bbox 302 3584 1441 3672; baseline 0.001 -21"><span class='ocrx_word' id='word_1_146' title='bbox 302 3585 586 3672; x_wconf 87' lang='lat' dir='ltr'>Archiepiscop0,</span> <span class='ocrx_word' id='word_1_147' title='bbox 613 3584 675 3670; x_wconf 91' lang='lat' dir='ltr'>qui</span> <span class='ocrx_word' id='word_1_148' title='bbox 699 3584 797 3652; x_wconf 91' lang='lat' dir='ltr'>nulla</span> <span class='ocrx_word' id='word_1_149' title='bbox 827 3585 966 3652; x_wconf 87' lang='lat' dir='ltr'>ratione</span> <span class='ocrx_word' id='word_1_150' title='bbox 990 3593 1135 3653; x_wconf 88' lang='lat' dir='ltr'>tenetur</span> <span class='ocrx_word' id='word_1_151' title='bbox 1160 3585 1238 3671; x_wconf 88' lang='lat' dir='ltr'>ejus</span> <span class='ocrx_word' id='word_1_152' title='bbox 1261 3586 1441 3653; x_wconf 86' lang='lat' dir='ltr'>defectum</span> 
     </span>
     <span class='ocr_line' id='line_1_25' title="bbox 303 3701 1442 3788; baseline 0 -20"><span class='ocrx_word' id='word_1_153' title='bbox 303 3702 475 3787; x_wconf 84' lang='lat' dir='ltr'>supplere,</span> <span class='ocrx_word' id='word_1_154' title='bbox 500 3701 529 3768; x_wconf 91' lang='lat' dir='ltr'>si</span> <span class='ocrx_word' id='word_1_155' title='bbox 552 3702 692 3788; x_wconf 89' lang='lat' dir='ltr'>quade</span> <span class='ocrx_word' id='word_1_156' title='bbox 715 3722 823 3769; x_wconf 90' lang='lat' dir='ltr'>causa</span> <span class='ocrx_word' id='word_1_157' title='bbox 845 3703 901 3770; x_wconf 89' lang='lat' dir='ltr'>vel</span> <span class='ocrx_word' id='word_1_158' title='bbox 925 3702 1063 3769; x_wconf 94' lang='lat' dir='ltr'>nullum</span> <span class='ocrx_word' id='word_1_159' title='bbox 1090 3702 1147 3768; x_wconf 84' lang='lat' dir='ltr'>vel</span> <span class='ocrx_word' id='word_1_160' title='bbox 1174 3701 1298 3770; x_wconf 90' lang='lat' dir='ltr'>debito</span> <span class='ocrx_word' id='word_1_161' title='bbox 1324 3702 1442 3769; x_wconf 91' lang='lat' dir='ltr'>minus</span> 
     </span>
     <span class='ocr_line' id='line_1_26' title="bbox 302 3816 629 3903; baseline 0 -19"><span class='ocrx_word' id='word_1_162' title='bbox 302 3826 490 3903; x_wconf 87' lang='lat' dir='ltr'>acceptum</span> <span class='ocrx_word' id='word_1_163' title='bbox 512 3816 629 3884; x_wconf 89' lang='lat' dir='ltr'>fuerit.</span> 
     </span>
    </p>
   </div>
   <div class='ocr_carea' id='block_1_6' title="bbox 302 3999 1444 4319">
    <p class='ocr_par' dir='ltr' id='par_1_6' title="bbox 302 3999 1444 4319">
     <span class='ocr_line' id='line_1_27' title="bbox 352 3999 1443 4087; baseline 0.001 -22"><span class='ocrx_word' id='word_1_164' title='bbox 352 3999 441 4086; x_wconf 84' lang='lat'>149⁰.</span> <span class='ocrx_word' id='word_1_165' title='bbox 490 3999 665 4068; x_wconf 92' lang='lat' dir='ltr'>Volumus</span> <span class='ocrx_word' id='word_1_166' title='bbox 680 4008 722 4066; x_wconf 91' lang='lat' dir='ltr'>ut</span> <span class='ocrx_word' id='word_1_167' title='bbox 738 4000 835 4067; x_wconf 94' lang='lat' dir='ltr'>nullo</span> <span class='ocrx_word' id='word_1_168' title='bbox 852 4022 1013 4087; x_wconf 91' lang='lat' dir='ltr'>unquam</span> <span class='ocrx_word' id='word_1_169' title='bbox 1028 4000 1065 4067; x_wconf 92' lang='lat' dir='ltr'>in</span> <span class='ocrx_word' id='word_1_170' title='bbox 1082 4021 1166 4068; x_wconf 89' lang='lat' dir='ltr'>casu</span> <span class='ocrx_word' id='word_1_171' title='bbox 1183 4001 1352 4069; x_wconf 88' lang='lat' dir='ltr'>salarium</span> <span class='ocrx_word' id='word_1_172' title='bbox 1368 3999 1443 4068; x_wconf 91' lang='lat' dir='ltr'>sive</span> 
     </span>
     <span class='ocr_line' id='line_1_28' title="bbox 303 4115 1443 4202; baseline 0.003 -20"><span class='ocrx_word' id='word_1_173' title='bbox 303 4115 465 4183; x_wconf 91' lang='lat' dir='ltr'>Rectoris</span> <span class='ocrx_word' id='word_1_174' title='bbox 488 4115 563 4183; x_wconf 90' lang='lat' dir='ltr'>sive</span> <span class='ocrx_word' id='word_1_175' title='bbox 586 4116 795 4202; x_wconf 88' lang='lat' dir='ltr'>adjutorum</span> <span class='ocrx_word' id='word_1_176' title='bbox 818 4118 863 4183; x_wconf 91' lang='lat' dir='ltr'>de</span> <span class='ocrx_word' id='word_1_177' title='bbox 886 4138 981 4184; x_wconf 89' lang='lat' dir='ltr'>anno</span> <span class='ocrx_word' id='word_1_178' title='bbox 1003 4117 1041 4183; x_wconf 91' lang='lat' dir='ltr'>in</span> <span class='ocrx_word' id='word_1_179' title='bbox 1065 4139 1201 4186; x_wconf 91' lang='lat' dir='ltr'>annum</span> <span class='ocrx_word' id='word_1_180' title='bbox 1224 4117 1364 4184; x_wconf 87' lang='lat' dir='ltr'>sinatur</span> <span class='ocrx_word' id='word_1_181' title='bbox 1385 4137 1443 4185; x_wconf 89' lang='lat' dir='ltr'>ac·</span> 
     </span>
     <span class='ocr_line' id='line_1_29' title="bbox 302 4232 1444 4319; baseline 0.001 -20"><span class='ocrx_word' id='word_1_182' title='bbox 302 4232 475 4299; x_wconf 84' lang='lat' dir='ltr'>cumulan·</span> <span class='ocrx_word' id='word_1_183' title='bbox 508 4241 619 4319; x_wconf 88' lang='lat' dir='ltr'>atque</span> <span class='ocrx_word' id='word_1_184' title='bbox 651 4232 746 4298; x_wconf 89' lang='lat' dir='ltr'>inter</span> <span class='ocrx_word' id='word_1_185' title='bbox 779 4233 902 4300; x_wconf 89' lang='lat' dir='ltr'>debita</span> <span class='ocrx_word' id='word_1_186' title='bbox 936 4232 1103 4300; x_wconf 85' lang='lat' dir='ltr'>ecclesiae</span> <span class='ocrx_word' id='word_1_187' title='bbox 1135 4233 1317 4300; x_wconf 88' lang='lat' dir='ltr'>recenseri.</span> <span class='ocrx_word' id='word_1_188' title='bbox 1366 4232 1444 4302; x_wconf 89' lang='lat' dir='ltr'>Sin·</span> 
     </span>
    </p>
   </div>
   <div class='ocr_carea' id='block_1_7' title="bbox 0 0 1790 5208">
    <p class='ocr_par' dir='ltr' id='par_1_7' title="bbox 0 0 1790 5208">
     <span class='ocr_line' id='line_1_30' title="bbox 0 0 1790 5208; baseline 0 0"><span class='ocrx_word' id='word_1_189' title='bbox 0 0 1790 5208; x_wconf 95' lang='lat' dir='ltr'> </span> 
     </span>
    </p>
   </div>
  </div>
 </body>
</html>
