3564 5208
675 501 1006 553 cousmrumouas.
1369 509 1408 571 31

314 698 386 785 69⁰.
433 697 647 767 Confessarii
679 696 917 783 prohibentur
948 697 1141 784 quominus
1174 720 1196 765 a
1229 697 1414 784 poeniten-

269 815 367 883 tibus
407 813 618 902 quidquam,
660 821 837 900 tanquam
876 811 1066 881 ministerii
1106 813 1161 881 sui
1201 814 1411 899 praemium,

269 938 397 1017 petant
422 931 480 998 vel
506 929 696 1016 accipiant.
745 928 868 997 Etiam
893 929 990 997 ultro
1016 951 1244 1016 quocumque
1268 929 1414 1000 nomine

268 1048 393 1116 oblata
404 1054 579 1124 recusent,
594 1045 661 1113 nec
673 1046 732 1113 vel
743 1045 860 1132 ipsam
875 1045 1003 1114 Missae
1016 1046 1279 1132 eleemosynam
1293 1046 1329 1114 in
1343 1047 1412 1114 hoc

270 1164 378 1232 Sacro
392 1162 578 1230 Tribunali
593 1162 695 1229 offeri
711 1161 842 1230 sinant.

699 1398 905 1469 ‘strutus
926 1400 995 1468 lx.

665 1531 727 1599 De
742 1531 1017 1600 Matrimonlo.

319 1677 378 1763 70⁰
424 1675 544 1762 Quum
569 1675 789 1745 Matrimonii
812 1675 970 1762 dignitas
994 1685 1030 1744 et
1054 1675 1277 1764 praestantia
1299 1677 1415 1764 magis

269 1791 455 1880 magisque
480 1794 578 1879 apud
604 1791 823 1860 acatholicos
847 1792 884 1860 in
911 1792 988 1861 dies
1013 1793 1247 1879 deprimatur,
1273 1793 1413 1862 nullum

270 1909 431 1978 studium
451 1909 626 1977 omittant
648 1909 859 1977 Sacerdotes
880 1930 953 1995 quo
974 1908 1096 1977 fideles
1116 1910 1162 1977 de
1183 1909 1261 1995 ejus
1282 1911 1414 1978 sancti-

270 2033 348 2094 tate
372 2035 409 2093 et
433 2025 652 2112 obligatione
676 2027 905 2104 edoceantur,
931 2034 1043 2111 atque
1067 2026 1114 2094 ad
1137 2025 1226 2094 illud
1251 2025 1307 2094 uti
1331 2027 1413 2094 Sao-

269 2150 475 2210 ramentum
509 2163 681 2228 magnum
717 2143 963 2211 venerandum
998 2141 1227 2210 inducantur.
1275 2142 1414 2229 Oppor-

270 2267 359 2326 tune
391 2267 609 2326 moneantur
642 2258 764 2325 fideles
796 2257 982 2327 vinculum
1017 2256 1236 2326 Matrimonii
1259 2280 1335 2326 esse
1360 2259 1413 2326 in-

273 2374 492 2452 dissolubile,
523 2382 559 2442 et
602 2375 699 2441 nullo
727 2375 835 2444 modo
865 2395 968 2460 posse
999 2397 1021 2442 a
1052 2373 1156 2443 Civili
1187 2375 1416 2444 Auctoritate

273 2490 451 2578 abrumpi.

320 2657 379 2744 71⁰
426 2656 648 2724 Rudimenta
676 2655 760 2724 fidei
787 2656 1037 2743 ignorantibus
1055 2665 1091 2724 et
1123 2657 1202 2726 aliis
1224 2657 1416 2727 manifeste

270 2773 427 2860 indignis
446 2773 658 2842 contrahere
678 2772 886 2840 volentibus
906 2773 1116 2842 Sacerdotes
1135 2795 1208 2842 non
1231 2774 1414 2842 assistant.

273 2891 360 2958 Ideo
386 2889 639 2976 nupturientes
667 2888 885 2968 examinent,
915 2899 952 2958 et
980 2889 1204 2958 Christianae
1230 2890 1417 2958 doctrinae

273 3028 417 3093 prorsus
444 3005 587 3092 ignaros
617 3007 664 3074 ad
694 3004 915 3074 Matrimonii
944 3006 1220 3074 celebrationem
1249 3029 1322 3075 non
1353 3009 1415 3075 ad-

272 3123 434 3190 mittant.
480 3122 757 3189 Admoneantur
793 3121 1063 3191 Matrimonium
1099 3122 1225 3190 inituri
1261 3132 1314 3202 ut,
1354 3146 1416 3192 an-

272 3246 422 3325 tequam
438 3237 667 3316 contrahant,
687 3238 920 3305 Sacramenta
938 3238 1187 3307 Poenitentiae
1204 3247 1240 3308 et
1258 3238 1418 3308 Euchar-

273 3354 347 3422 tiae
372 3353 430 3440 pie
456 3353 664 3440 suscipiant,
693 3375 766 3440 quo
792 3353 924 3420 certius
950 3356 997 3422 ad
1025 3354 1306 3436 Matrimonium,
1335 3357 1418 3425 Sac-

273 3479 478 3539 ramentum
506 3469 684 3548 vivorum,
714 3468 750 3536 in
781 3477 881 3536 statu
910 3470 1057 3555 gratiae,
1089 3480 1136 3550 et,
1167 3493 1241 3559 qua
1270 3493 1335 3559 par
1363 3482 1417 3540 est

274 3587 477 3666 devotione,
495 3587 680 3654 accedant.

322 3751 392 3836 72⁰.
440 3750 619 3818 Studeant
646 3751 818 3818 Rectores
844 3752 1141 3822 consuetudinem
1169 3754 1325 3841 Nuptias
1351 3756 1419 3822 cel-

274 3866 403 3935 brandi
426 3866 493 3933 sub
517 3887 665 3952 vespere
687 3869 733 3934 de
755 3867 875 3935 medio
898 3868 1033 3948 tollere,
1059 3878 1096 3937 et
1119 3870 1254 3957 ubique
1277 3871 1417 3956 praxim

273 3983 500 4051 introducere
523 3989 565 4049 ut
587 3981 683 4051 infra
705 3981 851 4052 Missam
876 3984 1026 4052 solemni
1055 3986 1304 4054 benedictione
1333 4009 1415 4055 con-

166 4113 169 4120 ’
274 4108 457 4167 secrentur
478 4099 536 4166 vel
559 4099 687 4167 saltem
710 4100 908 4168 comitante
930 4100 1040 4171 Missa
1062 4103 1295 4170 celebrentur.
1343 4103 1418 4172 Ma-

274 4214 444 4284 trimonia
475 4235 663 4303 nunquam
695 4215 732 4282 in
767 4217 876 4284 domo
909 4218 1134 4286 celebrentur
1166 4218 1320 4304 privata,
1357 4222 1419 4288 sed
