3564 5208
324 500 363 562 16
631 515 681 562 nn
705 513 894 562 oocrrunrn
919 514 1157 566 cnarsrmun.

319 706 463 794 juniora
489 706 605 792 gregis
636 706 758 775 Nostri
789 708 952 776 membra
982 727 1065 775 cum
1095 706 1226 774 litteris
1256 705 1469 774 erudiantur

322 832 403 892 tum
431 823 514 891 fidei
542 823 748 892 rudimenta
776 823 965 892 addiscant
994 831 1032 891 et
1060 822 1241 891 Ecclesiae
1268 821 1470 910 praeceptis

321 941 558 1008 instruantur.
606 939 661 1006 De
685 939 977 1026 impossibilitate
1002 939 1169 1008 Scholam
1195 938 1353 1026 erigendi
1379 939 1469 1006 Nos-

324 1065 422 1124 trum
438 1055 505 1124 erit
519 1055 691 1142 judicare.

372 1222 441 1310 15⁰.
490 1220 624 1290 Omnes
635 1230 803 1307 parentes
814 1221 990 1289 Catholici
1002 1222 1138 1307 prolem
1151 1242 1253 1289 suam
1263 1222 1310 1289 ad
1323 1220 1471 1290 Scholas

324 1338 545 1425 parochiales
568 1337 714 1405 mittere
739 1345 920 1417 tenentur,
947 1337 1016 1404 nisi
1040 1337 1098 1405 vel
1123 1337 1222 1405 domi
1247 1338 1304 1405 vel
1329 1337 1366 1405 in
1393 1336 1472 1404 aliis
1536 1340 1543 1350 '

325 1455 462 1524 Scholis
479 1453 674 1522 Catholicis
691 1453 908 1522 christianae
927 1453 1080 1521 filiorum
1100 1475 1246 1522 suorum
1266 1452 1473 1522 educationi

325 1571 542 1639 sufficienter
569 1570 770 1650 consulant,
801 1578 866 1638 aut
894 1571 941 1638 ob
971 1590 1117 1638 causam
1146 1570 1393 1648 sufficientem,
1424 1569 1471 1637 ab

325 1687 614 1774 ArchiepiscopO,
626 1687 702 1754 sive
713 1687 750 1754 in
766 1686 955 1755 individuo
965 1685 1041 1753 sive
1051 1686 1087 1753 in
1101 1685 1284 1755 communi
1295 1686 1473 1773 approba·

326 1813 414 1882 tam,
434 1825 494 1871 eos
512 1804 559 1871 ad
578 1802 667 1871 alias
686 1803 825 1871 scholas
842 1803 988 1871 mittere
1006 1802 1093 1890 ipsis
1110 1802 1227 1870 liceat.

376 1969 445 2035 16⁰.
494 1969 710 2036 Recton'bus
738 1969 949 2038 missionum
980 1968 1085 2036 simul
1115 1970 1315 2037 curandum
1346 1976 1400 2036 est
1431 1976 1473 2035 ut

328 2085 478 2153 Scholae
497 2107 583 2152 suae
603 2085 721 2165 finem,
744 2087 791 2153 ad
811 2107 920 2172 quern
940 2093 1080 2153 erectae
1100 2093 1196 2164 sunt,
1217 2106 1343 2171 reapse
1362 2083 1473 2152 attin-

327 2209 427 2287 gant,
456 2201 648 2288 nullusque
674 2201 788 2288 possit
816 2202 867 2270 eis
893 2202 1003 2288 objici
1028 2201 1302 2270 insufficientiae
1329 2208 1394 2270 aut
1422 2200 1474 2267 in-

329 2317 454 2385 scitiae
494 2325 715 2404 praetextus.
768 2319 950 2387 Laborent
991 2339 1074 2405 ergo
1115 2318 1327 2386 Sacerdotes
1368 2325 1418 2402 ut,
1452 2338 1474 2384 a

329 2435 541 2522 parentibus
564 2435 600 2502 in
627 2435 878 2504 aestimatione
901 2435 1114 2513 habeantur,
1134 2442 1182 2514 et,
1209 2443 1251 2502 ut
1269 2433 1371 2521 pueri
1391 2455 1474 2501 curn

329 2551 463 2619 affectu
483 2560 520 2619 et
539 2551 704 2637 proiectu
723 2573 783 2619 eas
803 2550 1048 2640 frequentent;
1080 2572 1197 2637 saepe,
1218 2551 1326 2619 semel
1346 2550 1474 2618 saltem

329 2669 366 2737 in
382 2668 622 2746 hebdomada,
651 2689 712 2735 eas
742 2667 903 2746 visitent,
920 2667 1184 2753 interrogantes
1207 2689 1249 2735 ac
1272 2667 1476 2735 erudientes

330 2805 470 2871 pueros,
497 2806 540 2852 ac
563 2783 745 2870 magistris
768 2783 930 2852 animum
954 2784 1139 2851 addentes.

380 2950 449 3037 17⁰.
499 2949 643 3036 Ubique
666 2969 730 3036 per
754 2948 963 3028 Dioecesim,
989 2950 1051 3016 sed
1080 2947 1308 3034 potissimum
1331 2947 1366 3014 in
1392 2947 1476 3014 mis-

331 3066 491 3134 sionibus
520 3065 707 3152 hucusque
737 3065 884 3134 Scholas
914 3064 1119 3134 Catholieas
1148 3085 1221 3132 non
1245 3062 1475 3142 habentibus

330 3183 579 3252 instaurentur
611 3182 761 3251 Scholae
795 3180 1035 3250 Dominicales
1067 3181 1104 3249 in
1140 3181 1272 3268 quibus
1305 3179 1407 3267 pueri
1441 3188 1478 3246 et

332 3299 472 3386 puellae
496 3298 672 3386 principia
700 3298 784 3367 fidei
812 3307 849 3366 et
877 3297 1017 3384 regulas
1040 3297 1140 3365 vitae
1162 3297 1387 3365 Christianae
1415 3297 1478 3364 do-

332 3424 492 3484 ceantur.
518 3416 708 3482 Praeterea
721 3415 757 3483 in
773 3435 992 3501 unaquaque
1005 3413 1184 3493 missione,
1199 3413 1300 3482 nulla
1314 3419 1477 3498 excepta,

334 3553 399 3618 pro
416 3531 460 3599 iis
478 3531 542 3618 qui
560 3531 699 3599 scholas
717 3531 880 3617 publicas
898 3530 1078 3598 celebrent
1097 3529 1332 3617 provideatur
1349 3536 1386 3596 et
1408 3527 1478 3596 alia

334 3648 456 3716 schola
487 3647 524 3715 in
558 3669 641 3734 qua,
676 3647 785 3716 semel
818 3631 946 3716 saltem
969 3647 1005 3715 in
1030 3647 1269 3726 hebdomada,
1293 3645 1355 3714 isti
1378 3644 1480 3732 pueri

335 3764 546 3852 puellaeque
564 3784 636 3833 non
657 3771 804 3832 tantum
824 3785 867 3831 ea
886 3784 980 3850 quae
999 3762 1092 3830 scitu
1111 3762 1312 3832 necessaria
1331 3771 1417 3831 sunt
1437 3771 1480 3830 ut

335 3901 485 3967 capaces
514 3880 685 3968 dignique
714 3880 919 3948 habeantur
948 3879 1012 3966 qui
1041 3879 1315 3948 Sacramentum
1346 3879 1481 3948 Confir-

335 3997 506 4065 mationis
523 3996 699 4083 recipiant
718 3998 791 4076 sed,
813 4017 877 4083 per
894 3997 986 4064 duos
1005 3995 1134 4064 saltem
1153 4011 1268 4065 annos
1286 4003 1370 4082 post
1389 3995 1480 4064 Con-

335 4113 587 4193 firmationem,
611 4122 648 4181 et
669 4114 842 4200 dogmata
864 4121 901 4180 et
922 4133 1073 4181 munera
1094 4112 1298 4181 Christiana
1319 4131 1476 4178 necnon

336 4239 372 4298 et
395 4231 562 4298 notiones
584 4231 630 4298 de
654 4229 815 4298 Historia
838 4229 947 4298 Sacra
970 4237 1007 4296 et
1032 4227 1283 4296 Ecclesiastica
1306 4226 1479 4294 ediscant.
