3564 5208
716 509 1048 560 coxsrrrurrourrs.
1410 516 1451 579 33

358 726 374 790 7
380 704 428 791 5⁰.
475 705 572 772 Ante
596 703 826 773 Matrimonia
851 703 1127 784 Catholicorum‚
1154 705 1454 790 proclamationes

309 823 522 899 bannorum,
543 822 590 888 ad
609 821 811 907 detegenda
829 819 1089 907 impedimenta
1108 821 1355 908 praescriptas,
1377 821 1453 889 fieri

310 937 441 1005 debere
459 936 688 1006 meminerint
710 937 892 1016 Rectores‚
916 946 952 1005 et
974 937 1120 1023 quidem
1141 937 1178 1005 in
1201 937 1368 1006 districtu
1390 959 1453 1006 seu

311 1053 585 1141 quasiparochia
614 1061 692 1120 tam
722 1052 844 1139 sponsi
874 1075 984 1141 quam
1015 1075 1177 1140 sponsae,
1210 1053 1240 1121 si
1269 1053 1452 1122 diversum

311 1170 470 1238 habeant
493 1169 724 1237 domicilium.
773 1168 926 1255 Quando
949 1169 986 1237 in
1012 1170 1162 1238 diversis
1186 1170 1340 1238 ecclesiis
1364 1171 1452 1239 hab-

311 1286 385 1354 itae
407 1294 492 1354 sunt
515 1285 786 1372 publicationes,
811 1287 856 1354 de
878 1285 921 1353 iis
943 1286 1012 1354 rite
1035 1287 1140 1355 lactis
1163 1286 1309 1354 Rectori
1330 1308 1451 1355 coram

311 1424 384 1490 quo
397 1402 549 1489 nuptiae
563 1402 797 1470 celebrandae
811 1411 907 1482 sunt,
921 1404 967 1470 ab
984 1402 1097 1471 altero
1114 1403 1267 1472 Rectore
1278 1403 1452 1490 scripturn

311 1518 559 1588 testimonium
574 1518 775 1587 transmitti
789 1528 993 1606 opportune
1007 1520 1126 1587 debet.
1175 1519 1211 1588 Si
1235 1521 1453 1607 quandoque

312 1635 481 1722 expediat
502 1635 548 1702 ab
571 1657 644 1702 una
665 1635 723 1703 vel
745 1635 907 1722 pluribus
928 1658 973 1702 ex
994 1635 1091 1703 hisce
1112 1635 1454 1722 proclamationibus

311 1752 527 1838 dispensare,
550 1773 712 1819 recursus
734 1753 780 1820 ad
803 1751 878 1819 Nos
899 1752 1086 1820 habeatur.

360 1901 429 1988 76⁰.
477 1901 635 1969 Tenetur
666 1901 838 1969 Sacerdos
869 1901 993 1969 sedulo
1024 1901 1240 1989 investigare
1270 1924 1359 1971 num
1391 1903 1453 1972 ali-

312 2020 410 2106 quod
446 2017 580 2086 existat
614 2017 915 2104 impedimentum
951 2018 1163 2086 canonicum
1191 2019 1286 2086 inter
1312 2027 1453 2088 contra-

312 2135 449 2214 hentes,
477 2134 687 2221 priusquam
714 2134 945 2203 Matrimonio
970 2134 1050 2202 illos
1075 2135 1215 2222 jungat,
1244 2135 1453 2222 praesertim

313 2251 376 2319 ubi
404 2251 625 2337 dispensatio
654 2252 807 2318 obtenta
836 2251 944 2319 fuerit
974 2274 997 2319 a
1026 2253 1227 2320 bannorum
1257 2252 1454 2338 proclama-

313 2367 482 2436 tionibus.
531 2367 573 2435 In
595 2367 721 2434 mixtis
741 2367 940 2446 connubiis
957 2367 1091 2454 quippe
1109 2389 1203 2455 quae
1221 2368 1297 2436 sine
1318 2368 1453 2456 procla-

312 2484 533 2552 mationibus
555 2483 631 2550 fieri
653 2485 799 2562 debent,
820 2484 981 2552 maxima
1006 2484 1127 2552 cautio
1153 2493 1208 2552 est
1234 2485 1454 2565 adhibenda;

315 2622 397 2687 pars
424 2599 634 2680 acatholica,
662 2600 732 2669 nisi
760 2600 921 2668 Parocho
947 2622 1020 2669 non
1049 2601 1096 2668 sit
1123 2601 1257 2688 ignota,
1287 2610 1455 2670 teneatur

314 2717 350 2785 in
375 2717 474 2784 omni
496 2737 582 2784 casu
606 2717 758 2803 probare
781 2739 819 2784 se
843 2739 889 2784 ex
911 2717 1018 2785 certis
1041 2719 1262 2805 argumentis
1285 2741 1307 2786 a
1330 2719 1454 2806 conju-

313 2833 384 2920 gali
406 2833 550 2901 vinculo
573 2855 649 2901 esse
669 2833 830 2901 liberam.
877 2834 1030 2902 Attente
1052 2835 1257 2921 exploretur
1279 2857 1324 2902 an
1349 2857 1456 2922 super

313 2949 430 3018 Mixta
454 2949 639 3035 Religione
662 2950 944 3036 dispensandum
970 2949 1027 3029 sit,
1055 2973 1101 3018 an
1128 2950 1351 3037 Disparitate
1375 2951 1455 3020 Cul-

313 3074 388 3145 tus;
426 3066 626 3134 acatholico
663 3066 798 3135 dicenti
836 3089 873 3134 se
899 3089 975 3134 esse
1000 3066 1228 3154 baptizatum
1252 3089 1325 3136 non
1353 3068 1457 3137 facile

312 3183 494 3250 credatur:
534 3182 755 3268 experientia
793 3182 888 3251 enim
927 3192 1071 3251 constat
1110 3184 1200 3251 tales
1232 3205 1338 3270 saepe
1364 3184 1462 3260 falsa

313 3319 544 3377 asseverasse,
570 3298 693 3384 inepte
717 3307 889 3385 putantes
925 3321 962 3366 se
998 3300 1048 3367 sic
1083 3300 1119 3368 in
1144 3299 1299 3386 gratiam
1324 3322 1456 3387 ponere

312 3417 411 3501 apud
434 3415 674 3484 Sacerdotem.

360 3571 430 3658 77⁰.
479 3571 740 3658 Nupturientes
769 3571 899 3658 quivis,
932 3573 995 3658 qui
1034 3594 1079 3639 ex
1118 3574 1197 3640 loco
1236 3573 1362 3642 dissito
1392 3577 1455 3644 ad-

312 3687 487 3766 venerint,
517 3696 616 3755 certa
644 3688 778 3756 debent
807 3688 964 3774 proferre
992 3690 1211 3758 documenta
1238 3711 1324 3758 suae
1351 3690 1455 3759 liber-

312 3803 401 3872 tatis
426 3826 448 3872 a
472 3803 650 3890 ligamine,
678 3803 828 3892 aliisque
852 3804 1129 3892 impedimentis.
1187 3807 1245 3874 Ad
1271 3806 1339 3875 hoc
1364 3815 1454 3874 tem-

311 3920 450 4007 pestive
464 3928 681 3990 moneantur
695 3929 736 3988 ut
753 3930 946 4008 procurent
961 3921 1029 3990 sibi
1043 3922 1183 3990 litteras
1197 3923 1457 3992 testimoniales

312 4037 477 4105 Rectoris
510 4037 579 4105 loci
612 4037 676 4104 ubi
710 4037 840 4105 ultimo
874 4039 1002 4130 saltem
1038 4047 1200 4125 tempore
1234 4039 1454 4108 domicilium

312 4154 507 4233 habebant,
525 4162 590 4222 aut
606 4153 710 4221 aliter
725 4175 789 4241 per
803 4162 915 4222 testes
929 4154 988 4222 vel
1003 4155 1114 4223 etiam
1130 4177 1194 4242 per
1207 4155 1453 4242 juramentum

313 4271 471 4356 probent
485 4291 587 4339 suam
605 4269 821 4339 libertatem.
870 4271 907 4339 Si
926 4271 1044 4358 agitur
1062 4273 1107 4340 de
1126 4271 1239 4351 Italis,
1260 4271 1323 4359 qui
1341 4294 1455 4341 annos
