<?xml version="1.0" encoding="UTF-8"?>
<!DOCTYPE html PUBLIC "-//W3C//DTD XHTML 1.0 Transitional//EN"
    "http://www.w3.org/TR/xhtml1/DTD/xhtml1-transitional.dtd">
<html xmlns="http://www.w3.org/1999/xhtml" xml:lang="en" lang="en">
 <head>
  <title>
</title>
<meta http-equiv="Content-Type" content="text/html;charset=utf-8" />
  <meta name='ocr-system' content='tesseract 3.04.00' />
  <meta name='ocr-capabilities' content='ocr_page ocr_carea ocr_par ocr_line ocrx_word'/>
</head>
<body>
  <div class='ocr_page' id='page_1' title='image "./constitutionesd00ocogoog_0051.png"; bbox 0 0 3564 5208; ppageno 0'>
   <div class='ocr_carea' id='block_1_1' title="bbox 362 514 1116 579">
    <p class='ocr_par' dir='ltr' id='par_1_1' title="bbox 362 514 1116 579">
     <span class='ocr_line' id='line_1_1' title="bbox 362 514 1116 579; baseline -0.005 -13"><span class='ocrx_word' id='word_1_1' title='bbox 362 522 402 579; x_wconf 78' lang='lat'>⁴2</span> <span class='ocrx_word' id='word_1_2' title='bbox 752 517 799 563; x_wconf 80' lang='lat' dir='ltr'>on</span> <span class='ocrx_word' id='word_1_3' title='bbox 824 515 946 567; x_wconf 73' lang='lat' dir='ltr'>curro</span> <span class='ocrx_word' id='word_1_4' title='bbox 971 514 1116 564; x_wconf 83' lang='lat' dir='ltr'>nrvmo.</span> 
     </span>
    </p>
   </div>
   <div class='ocr_carea' id='block_1_2' title="bbox 359 709 1505 1266">
    <p class='ocr_par' dir='ltr' id='par_1_2' title="bbox 359 709 1505 1266">
     <span class='ocr_line' id='line_1_2' title="bbox 360 709 1505 798; baseline -0.003 -16"><span class='ocrx_word' id='word_1_5' title='bbox 360 716 515 782; x_wconf 86' lang='lat' dir='ltr'><strong>beantur</strong></span> <span class='ocrx_word' id='word_1_6' title='bbox 544 721 581 782; x_wconf 91' lang='lat' dir='ltr'>et</span> <span class='ocrx_word' id='word_1_7' title='bbox 609 713 647 781; x_wconf 92' lang='lat' dir='ltr'>in</span> <span class='ocrx_word' id='word_1_8' title='bbox 677 711 786 780; x_wconf 88' lang='lat' dir='ltr'>sacris</span> <span class='ocrx_word' id='word_1_9' title='bbox 814 711 1033 780; x_wconf 88' lang='lat' dir='ltr'>solemnibus</span> <span class='ocrx_word' id='word_1_10' title='bbox 1062 711 1326 798; x_wconf 84' lang='lat' dir='ltr'>praeferantur;</span> <span class='ocrx_word' id='word_1_11' title='bbox 1366 709 1505 792; x_wconf 87' lang='lat' dir='ltr'>musica</span> 
     </span>
     <span class='ocr_line' id='line_1_3' title="bbox 360 826 1505 915; baseline -0.002 -19"><span class='ocrx_word' id='word_1_12' title='bbox 360 851 446 899; x_wconf 85' lang='lat' dir='ltr'>vero</span> <span class='ocrx_word' id='word_1_13' title='bbox 478 829 651 898; x_wconf 86' lang='lat' dir='ltr'>hodierna</span> <span class='ocrx_word' id='word_1_14' title='bbox 683 849 800 915; x_wconf 89' lang='lat' dir='ltr'>aequo</span> <span class='ocrx_word' id='word_1_15' title='bbox 833 827 906 896; x_wconf 83' lang='lat' dir='ltr'>iere</span> <span class='ocrx_word' id='word_1_16' title='bbox 937 827 1017 914; x_wconf 89' lang='lat' dir='ltr'>jure</span> <span class='ocrx_word' id='word_1_17' title='bbox 1050 826 1274 913; x_wconf 86' lang='lat' dir='ltr'><strong>permittitur</strong></span> <span class='ocrx_word' id='word_1_18' title='bbox 1305 828 1505 896; x_wconf 91' lang='lat' dir='ltr'>dummodo</span> 
     </span>
     <span class='ocr_line' id='line_1_4' title="bbox 360 943 1503 1031; baseline -0.004 -15"><span class='ocrx_word' id='word_1_19' title='bbox 360 955 494 1027; x_wconf 88' lang='lat' dir='ltr'>tamen,</span> <span class='ocrx_word' id='word_1_20' title='bbox 510 967 576 1015; x_wconf 87' lang='lat' dir='ltr'>nec</span> <span class='ocrx_word' id='word_1_21' title='bbox 591 945 628 1014; x_wconf 91' lang='lat' dir='ltr'>in</span> <span class='ocrx_word' id='word_1_22' title='bbox 646 967 693 1025; x_wconf 90' lang='lat' dir='ltr'>se,</span> <span class='ocrx_word' id='word_1_23' title='bbox 710 965 777 1013; x_wconf 87' lang='lat' dir='ltr'>nec</span> <span class='ocrx_word' id='word_1_24' title='bbox 795 943 832 1012; x_wconf 92' lang='lat' dir='ltr'>in</span> <span class='ocrx_word' id='word_1_25' title='bbox 854 944 969 1012; x_wconf 77' lang='lat' dir='ltr'>sonna</span> <span class='ocrx_word' id='word_1_26' title='bbox 989 965 1062 1031; x_wconf 89' lang='lat' dir='ltr'>qua</span> <span class='ocrx_word' id='word_1_27' title='bbox 1081 965 1104 1011; x_wconf 89' lang='lat' dir='ltr'>a</span> <span class='ocrx_word' id='word_1_28' title='bbox 1123 943 1332 1012; x_wconf 85' lang='lat' dir='ltr'>cantoribus</span> <span class='ocrx_word' id='word_1_29' title='bbox 1349 965 1503 1030; x_wconf 89' lang='lat' dir='ltr'>propon-</span> 
     </span>
     <span class='ocr_line' id='line_1_5' title="bbox 359 1059 1503 1147; baseline -0.005 -15"><span class='ocrx_word' id='word_1_30' title='bbox 359 1064 443 1144; x_wconf 84' lang='lat' dir='ltr'>itur,</span> <span class='ocrx_word' id='word_1_31' title='bbox 467 1061 656 1132; x_wconf 88' lang='lat' dir='ltr'>theatralis</span> <span class='ocrx_word' id='word_1_32' title='bbox 677 1061 724 1130; x_wconf 89' lang='lat' dir='ltr'>sit</span> <span class='ocrx_word' id='word_1_33' title='bbox 746 1061 804 1128; x_wconf 88' lang='lat' dir='ltr'>vel</span> <span class='ocrx_word' id='word_1_34' title='bbox 826 1059 988 1147; x_wconf 83' lang='lat' dir='ltr'>prolana,</span> <span class='ocrx_word' id='word_1_35' title='bbox 1013 1068 1050 1128; x_wconf 88' lang='lat' dir='ltr'>et</span> <span class='ocrx_word' id='word_1_36' title='bbox 1072 1059 1220 1128; x_wconf 89' lang='lat' dir='ltr'>omnino</span> <span class='ocrx_word' id='word_1_37' title='bbox 1241 1059 1405 1130; x_wconf 91' lang='lat' dir='ltr'>vitentur</span> <span class='ocrx_word' id='word_1_38' title='bbox 1426 1081 1503 1146; x_wconf 88' lang='lat' dir='ltr'>per-</span> 
     </span>
     <span class='ocr_line' id='line_1_6' title="bbox 359 1177 988 1266; baseline -0.008 -17"><span class='ocrx_word' id='word_1_39' title='bbox 359 1179 517 1249; x_wconf 83' lang='lat' dir='ltr'><strong>mutatio</strong></span> <span class='ocrx_word' id='word_1_40' title='bbox 538 1187 575 1248; x_wconf 88' lang='lat' dir='ltr'>et</span> <span class='ocrx_word' id='word_1_41' title='bbox 596 1177 764 1266; x_wconf 82' lang='lat' dir='ltr'>repetitio</span> <span class='ocrx_word' id='word_1_42' title='bbox 785 1177 988 1245; x_wconf 89' lang='lat' dir='ltr'>verborum.</span> 
     </span>
    </p>
   </div>
   <div class='ocr_carea' id='block_1_3' title="bbox 358 1357 1505 2358">
    <p class='ocr_par' dir='ltr' id='par_1_3' title="bbox 358 1357 1505 2358">
     <span class='ocr_line' id='line_1_7' title="bbox 409 1357 1503 1446; baseline 0 -21"><span class='ocrx_word' id='word_1_43' title='bbox 409 1358 500 1446; x_wconf 87' lang='lat'>109⁰.</span> <span class='ocrx_word' id='word_1_44' title='bbox 550 1358 601 1427; x_wconf 93' lang='lat' dir='ltr'>Ut</span> <span class='ocrx_word' id='word_1_45' title='bbox 616 1358 748 1438; x_wconf 87' lang='lat' dir='ltr'>fideles,</span> <span class='ocrx_word' id='word_1_46' title='bbox 765 1379 864 1427; x_wconf 91' lang='lat' dir='ltr'>more</span> <span class='ocrx_word' id='word_1_47' title='bbox 878 1358 1070 1446; x_wconf 86' lang='lat' dir='ltr'>majorum,</span> <span class='ocrx_word' id='word_1_48' title='bbox 1088 1359 1217 1428; x_wconf 85' lang='lat' dir='ltr'>Sacrae</span> <span class='ocrx_word' id='word_1_49' title='bbox 1233 1357 1416 1446; x_wconf 86' lang='lat' dir='ltr'>Liturgiae</span> <span class='ocrx_word' id='word_1_50' title='bbox 1431 1357 1503 1426; x_wconf 88' lang='lat' dir='ltr'>sint</span> 
     </span>
     <span class='ocr_line' id='line_1_8' title="bbox 359 1473 1505 1562; baseline -0.002 -19"><span class='ocrx_word' id='word_1_51' title='bbox 359 1495 482 1544; x_wconf 89' lang='lat' dir='ltr'>rursus</span> <span class='ocrx_word' id='word_1_52' title='bbox 506 1473 710 1562; x_wconf 89' lang='lat' dir='ltr'>participes,</span> <span class='ocrx_word' id='word_1_53' title='bbox 737 1474 844 1543; x_wconf 90' lang='lat' dir='ltr'>valde</span> <span class='ocrx_word' id='word_1_54' title='bbox 869 1476 1072 1562; x_wconf 87' lang='lat' dir='ltr'>optandum</span> <span class='ocrx_word' id='word_1_55' title='bbox 1098 1483 1153 1542; x_wconf 90' lang='lat' dir='ltr'>est</span> <span class='ocrx_word' id='word_1_56' title='bbox 1179 1483 1222 1542; x_wconf 96' lang='lat' dir='ltr'>ut</span> <span class='ocrx_word' id='word_1_57' title='bbox 1247 1474 1325 1562; x_wconf 91' lang='lat' dir='ltr'>ipse</span> <span class='ocrx_word' id='word_1_58' title='bbox 1350 1475 1505 1562; x_wconf 91' lang='lat' dir='ltr'>populus</span> 
     </span>
     <span class='ocr_line' id='line_1_9' title="bbox 360 1590 1504 1678; baseline -0.001 -20"><span class='ocrx_word' id='word_1_59' title='bbox 360 1590 494 1660; x_wconf 89' lang='lat' dir='ltr'>Divina</span> <span class='ocrx_word' id='word_1_60' title='bbox 516 1591 643 1660; x_wconf 87' lang='lat' dir='ltr'>Officia</span> <span class='ocrx_word' id='word_1_61' title='bbox 665 1599 812 1660; x_wconf 88' lang='lat' dir='ltr'>cantare</span> <span class='ocrx_word' id='word_1_62' title='bbox 834 1593 1022 1670; x_wconf 87' lang='lat' dir='ltr'>doceatur;</span> <span class='ocrx_word' id='word_1_63' title='bbox 1048 1591 1199 1678; x_wconf 88' lang='lat' dir='ltr'>proinde</span> <span class='ocrx_word' id='word_1_64' title='bbox 1221 1591 1439 1661; x_wconf 85' lang='lat' dir='ltr'>mandamus</span> <span class='ocrx_word' id='word_1_65' title='bbox 1461 1599 1504 1658; x_wconf 90' lang='lat' dir='ltr'>ut</span> 
     </span>
     <span class='ocr_line' id='line_1_10' title="bbox 359 1707 1503 1800; baseline -0.001 -24"><span class='ocrx_word' id='word_1_66' title='bbox 359 1707 395 1776; x_wconf 92' lang='lat' dir='ltr'>in</span> <span class='ocrx_word' id='word_1_67' title='bbox 425 1708 554 1777; x_wconf 89' lang='lat' dir='ltr'>scholis</span> <span class='ocrx_word' id='word_1_68' title='bbox 581 1707 846 1800; x_wconf 77' lang='lat' dir='ltr'>parochialibus</span> <span class='ocrx_word' id='word_1_69' title='bbox 873 1707 1010 1776; x_wconf 87' lang='lat' dir='ltr'>Cantus</span> <span class='ocrx_word' id='word_1_70' title='bbox 1038 1707 1277 1795; x_wconf 86' lang='lat' dir='ltr'>Gregorianus</span> <span class='ocrx_word' id='word_1_71' title='bbox 1303 1707 1423 1776; x_wconf 89' lang='lat' dir='ltr'>locum</span> <span class='ocrx_word' id='word_1_72' title='bbox 1450 1707 1503 1775; x_wconf 90' lang='lat' dir='ltr'>in-</span> 
     </span>
     <span class='ocr_line' id='line_1_11' title="bbox 359 1823 1504 1912; baseline -0.002 -20"><span class='ocrx_word' id='word_1_73' title='bbox 359 1832 416 1892; x_wconf 90' lang='lat' dir='ltr'>ter</span> <span class='ocrx_word' id='word_1_74' title='bbox 443 1832 637 1912; x_wconf 88' lang='lat' dir='ltr'>praecepta</span> <span class='ocrx_word' id='word_1_75' title='bbox 664 1825 809 1904; x_wconf 90' lang='lat' dir='ltr'>habeat,</span> <span class='ocrx_word' id='word_1_76' title='bbox 840 1831 955 1911; x_wconf 90' lang='lat' dir='ltr'>utque</span> <span class='ocrx_word' id='word_1_77' title='bbox 984 1824 1085 1911; x_wconf 86' lang='lat' dir='ltr'>pueri</span> <span class='ocrx_word' id='word_1_78' title='bbox 1114 1823 1345 1893; x_wconf 88' lang='lat' dir='ltr'>Ordinarium</span> <span class='ocrx_word' id='word_1_79' title='bbox 1375 1823 1504 1892; x_wconf 88' lang='lat' dir='ltr'>Missae</span> 
     </span>
     <span class='ocr_line' id='line_1_12' title="bbox 359 1939 1504 2028; baseline -0.002 -19"><span class='ocrx_word' id='word_1_80' title='bbox 359 1940 641 2028; x_wconf 87' lang='lat' dir='ltr'>praecipuosque</span> <span class='ocrx_word' id='word_1_81' title='bbox 662 1941 817 2028; x_wconf 87' lang='lat' dir='ltr'>hymnos</span> <span class='ocrx_word' id='word_1_82' title='bbox 838 1940 1022 2028; x_wconf 87' lang='lat' dir='ltr'>liturgicos</span> <span class='ocrx_word' id='word_1_83' title='bbox 1043 1940 1156 2009; x_wconf 93' lang='lat' dir='ltr'>latine</span> <span class='ocrx_word' id='word_1_84' title='bbox 1177 1940 1368 2009; x_wconf 86' lang='lat' dir='ltr'>addiscant</span> <span class='ocrx_word' id='word_1_85' title='bbox 1390 1947 1428 2008; x_wconf 89' lang='lat' dir='ltr'>et</span> <span class='ocrx_word' id='word_1_86' title='bbox 1450 1939 1504 2008; x_wconf 89' lang='lat' dir='ltr'>ita</span> 
     </span>
     <span class='ocr_line' id='line_1_13' title="bbox 358 2055 1505 2144; baseline -0.002 -20"><span class='ocrx_word' id='word_1_87' title='bbox 358 2065 593 2126; x_wconf 86' lang='lat' dir='ltr'>exerceantur</span> <span class='ocrx_word' id='word_1_88' title='bbox 629 2065 682 2137; x_wconf 92' lang='lat' dir='ltr'>ut,</span> <span class='ocrx_word' id='word_1_89' title='bbox 721 2057 758 2126; x_wconf 91' lang='lat' dir='ltr'>in</span> <span class='ocrx_word' id='word_1_90' title='bbox 798 2057 953 2139; x_wconf 86' lang='lat' dir='ltr'>ecclesiis</span> <span class='ocrx_word' id='word_1_91' title='bbox 990 2057 1119 2126; x_wconf 87' lang='lat' dir='ltr'>saltem</span> <span class='ocrx_word' id='word_1_92' title='bbox 1156 2056 1366 2144; x_wconf 90' lang='lat' dir='ltr'>majoribus,</span> <span class='ocrx_word' id='word_1_93' title='bbox 1405 2055 1505 2124; x_wconf 90' lang='lat' dir='ltr'>chori</span> 
     </span>
     <span class='ocr_line' id='line_1_14' title="bbox 360 2173 1504 2262; baseline -0.002 -21"><span class='ocrx_word' id='word_1_94' title='bbox 360 2195 562 2260; x_wconf 89' lang='lat' dir='ltr'>puerorum,</span> <span class='ocrx_word' id='word_1_95' title='bbox 596 2173 660 2261; x_wconf 90' lang='lat' dir='ltr'>qui</span> <span class='ocrx_word' id='word_1_96' title='bbox 690 2173 727 2242; x_wconf 93' lang='lat' dir='ltr'>in</span> <span class='ocrx_word' id='word_1_97' title='bbox 760 2173 885 2242; x_wconf 89' lang='lat' dir='ltr'>officiis</span> <span class='ocrx_word' id='word_1_98' title='bbox 915 2173 1089 2262; x_wconf 81' lang='lat' dir='ltr'>liturgicis</span> <span class='ocrx_word' id='word_1_99' title='bbox 1120 2175 1314 2242; x_wconf 89' lang='lat' dir='ltr'>decantare</span> <span class='ocrx_word' id='word_1_100' title='bbox 1346 2173 1504 2250; x_wconf 89' lang='lat' dir='ltr'>valeant,</span> 
     </span>
     <span class='ocr_line' id='line_1_15' title="bbox 359 2289 910 2358; baseline -0.002 0"><span class='ocrx_word' id='word_1_101' title='bbox 359 2289 564 2358; x_wconf 88' lang='lat' dir='ltr'>habeantur</span> <span class='ocrx_word' id='word_1_102' title='bbox 590 2298 627 2358; x_wconf 88' lang='lat' dir='ltr'>et</span> <span class='ocrx_word' id='word_1_103' title='bbox 653 2297 910 2358; x_wconf 87' lang='lat' dir='ltr'>restaurentur.</span> 
     </span>
    </p>
   </div>
   <div class='ocr_carea' id='block_1_4' title="bbox 409 2471 1506 2560">
    <p class='ocr_par' dir='ltr' id='par_1_4' title="bbox 409 2471 1506 2560">
     <span class='ocr_line' id='line_1_16' title="bbox 409 2471 1506 2560; baseline 0.001 -22"><span class='ocrx_word' id='word_1_104' title='bbox 409 2471 500 2539; x_wconf 86' lang='lat'>110⁰.</span> <span class='ocrx_word' id='word_1_105' title='bbox 549 2472 668 2552; x_wconf 89' lang='lat' dir='ltr'>Missa,</span> <span class='ocrx_word' id='word_1_106' title='bbox 680 2473 869 2559; x_wconf 90' lang='lat' dir='ltr'>Vesperae‚</span> <span class='ocrx_word' id='word_1_107' title='bbox 884 2481 921 2540; x_wconf 88' lang='lat' dir='ltr'>et</span> <span class='ocrx_word' id='word_1_108' title='bbox 937 2480 1080 2541; x_wconf 90' lang='lat' dir='ltr'>caetera</span> <span class='ocrx_word' id='word_1_109' title='bbox 1099 2473 1233 2542; x_wconf 86' lang='lat' dir='ltr'>Divina</span> <span class='ocrx_word' id='word_1_110' title='bbox 1251 2473 1379 2542; x_wconf 87' lang='lat' dir='ltr'>Officia</span> <span class='ocrx_word' id='word_1_111' title='bbox 1396 2473 1506 2560; x_wconf 85' lang='lat' dir='ltr'>juxta</span> 
     </span>
    </p>
   </div>
   <div class='ocr_carea' id='block_1_5' title="bbox 357 2587 1505 3026">
    <p class='ocr_par' dir='ltr' id='par_1_5' title="bbox 357 2587 1505 3026">
     <span class='ocr_line' id='line_1_17' title="bbox 359 2587 1505 2677; baseline -0.002 -21"><span class='ocrx_word' id='word_1_112' title='bbox 359 2588 501 2656; x_wconf 88' lang='lat' dir='ltr'>Missale</span> <span class='ocrx_word' id='word_1_113' title='bbox 523 2597 560 2657; x_wconf 88' lang='lat' dir='ltr'>et</span> <span class='ocrx_word' id='word_1_114' title='bbox 583 2587 807 2658; x_wconf 83' lang='lat' dir='ltr'>Brevian&#39;um</span> <span class='ocrx_word' id='word_1_115' title='bbox 829 2589 970 2676; x_wconf 86' lang='lat' dir='ltr'>integra</span> <span class='ocrx_word' id='word_1_116' title='bbox 990 2590 1241 2670; x_wconf 88' lang='lat' dir='ltr'>decantentur,</span> <span class='ocrx_word' id='word_1_117' title='bbox 1264 2590 1418 2677; x_wconf 91' lang='lat' dir='ltr'>ideoque</span> <span class='ocrx_word' id='word_1_118' title='bbox 1439 2588 1505 2656; x_wconf 89' lang='lat' dir='ltr'>Or-</span> 
     </span>
     <span class='ocr_line' id='line_1_18' title="bbox 358 2704 1503 2793; baseline -0.001 -20"><span class='ocrx_word' id='word_1_119' title='bbox 358 2704 538 2774; x_wconf 84' lang='lat' dir='ltr'>dinarium</span> <span class='ocrx_word' id='word_1_120' title='bbox 554 2713 591 2774; x_wconf 90' lang='lat' dir='ltr'>et</span> <span class='ocrx_word' id='word_1_121' title='bbox 609 2705 797 2793; x_wconf 90' lang='lat' dir='ltr'>Proprium</span> <span class='ocrx_word' id='word_1_122' title='bbox 813 2706 871 2773; x_wconf 92' lang='lat' dir='ltr'>vel</span> <span class='ocrx_word' id='word_1_123' title='bbox 886 2705 1085 2775; x_wconf 85' lang='lat' dir='ltr'>Commune</span> <span class='ocrx_word' id='word_1_124' title='bbox 1104 2706 1142 2774; x_wconf 88' lang='lat' dir='ltr'>in</span> <span class='ocrx_word' id='word_1_125' title='bbox 1164 2706 1283 2785; x_wconf 90' lang='lat' dir='ltr'>Missa,</span> <span class='ocrx_word' id='word_1_126' title='bbox 1305 2727 1445 2775; x_wconf 88' lang='lat' dir='ltr'>necnon</span> <span class='ocrx_word' id='word_1_127' title='bbox 1467 2713 1503 2772; x_wconf 90' lang='lat' dir='ltr'>et</span> 
     </span>
     <span class='ocr_line' id='line_1_19' title="bbox 357 2821 1503 2908; baseline -0.002 -18"><span class='ocrx_word' id='word_1_128' title='bbox 357 2821 577 2908; x_wconf 83' lang='lat' dir='ltr'>antiphonas</span> <span class='ocrx_word' id='word_1_129' title='bbox 594 2831 631 2890; x_wconf 91' lang='lat' dir='ltr'>et</span> <span class='ocrx_word' id='word_1_130' title='bbox 650 2823 807 2908; x_wconf 89' lang='lat' dir='ltr'>psalmos</span> <span class='ocrx_word' id='word_1_131' title='bbox 824 2822 932 2890; x_wconf 90' lang='lat' dir='ltr'>nullis</span> <span class='ocrx_word' id='word_1_132' title='bbox 949 2821 1090 2890; x_wconf 89' lang='lat' dir='ltr'>omissis</span> <span class='ocrx_word' id='word_1_133' title='bbox 1107 2830 1173 2889; x_wconf 88' lang='lat' dir='ltr'>aut</span> <span class='ocrx_word' id='word_1_134' title='bbox 1191 2821 1400 2900; x_wconf 91' lang='lat' dir='ltr'>decurtatis,</span> <span class='ocrx_word' id='word_1_135' title='bbox 1420 2842 1503 2888; x_wconf 90' lang='lat' dir='ltr'>cum</span> 
     </span>
     <span class='ocr_line' id='line_1_20' title="bbox 357 2937 1455 3026; baseline -0.003 -20"><span class='ocrx_word' id='word_1_136' title='bbox 357 2939 494 3024; x_wconf 92' lang='lat' dir='ltr'>hymno</span> <span class='ocrx_word' id='word_1_137' title='bbox 515 2946 552 3006; x_wconf 92' lang='lat' dir='ltr'>et</span> <span class='ocrx_word' id='word_1_138' title='bbox 573 2939 780 3026; x_wconf 85' lang='lat' dir='ltr'>Magnificat</span> <span class='ocrx_word' id='word_1_139' title='bbox 800 2938 837 3006; x_wconf 92' lang='lat' dir='ltr'>in</span> <span class='ocrx_word' id='word_1_140' title='bbox 859 2937 1025 3024; x_wconf 88' lang='lat' dir='ltr'>Vesperis</span> <span class='ocrx_word' id='word_1_141' title='bbox 1045 2937 1186 3006; x_wconf 85' lang='lat' dir='ltr'>cantari</span> <span class='ocrx_word' id='word_1_142' title='bbox 1206 2937 1455 3024; x_wconf 89' lang='lat' dir='ltr'>praecipimus.</span> 
     </span>
    </p>
   </div>
   <div class='ocr_carea' id='block_1_6' title="bbox 355 3121 1504 3666">
    <p class='ocr_par' dir='ltr' id='par_1_6' title="bbox 355 3121 1504 3666">
     <span class='ocr_line' id='line_1_21' title="bbox 406 3121 1504 3209; baseline 0.001 -21"><span class='ocrx_word' id='word_1_143' title='bbox 406 3121 497 3189; x_wconf 88' lang='lat'>111⁰.</span> <span class='ocrx_word' id='word_1_144' title='bbox 547 3123 634 3191; x_wconf 90' lang='lat' dir='ltr'>Post</span> <span class='ocrx_word' id='word_1_145' title='bbox 670 3143 792 3209; x_wconf 91' lang='lat' dir='ltr'>preces</span> <span class='ocrx_word' id='word_1_146' title='bbox 828 3121 1007 3190; x_wconf 88' lang='lat' dir='ltr'>Leoninas</span> <span class='ocrx_word' id='word_1_147' title='bbox 1042 3121 1078 3189; x_wconf 90' lang='lat' dir='ltr'>in</span> <span class='ocrx_word' id='word_1_148' title='bbox 1116 3121 1188 3189; x_wconf 90' lang='lat' dir='ltr'>fine</span> <span class='ocrx_word' id='word_1_149' title='bbox 1224 3121 1353 3190; x_wconf 91' lang='lat' dir='ltr'>Missae</span> <span class='ocrx_word' id='word_1_150' title='bbox 1388 3121 1504 3189; x_wconf 88' lang='lat' dir='ltr'>lectae</span> 
     </span>
     <span class='ocr_line' id='line_1_22' title="bbox 355 3237 1503 3326; baseline -0.001 -20"><span class='ocrx_word' id='word_1_151' title='bbox 355 3238 537 3318; x_wconf 92' lang='lat' dir='ltr'>dicendas,</span> <span class='ocrx_word' id='word_1_152' title='bbox 564 3259 607 3308; x_wconf 91' lang='lat' dir='ltr'>ac</span> <span class='ocrx_word' id='word_1_153' title='bbox 631 3238 774 3326; x_wconf 90' lang='lat' dir='ltr'>quoties</span> <span class='ocrx_word' id='word_1_154' title='bbox 797 3237 964 3307; x_wconf 88' lang='lat' dir='ltr'>fidelibus</span> <span class='ocrx_word' id='word_1_155' title='bbox 989 3238 1199 3307; x_wconf 88' lang='lat' dir='ltr'>Benedictio</span> <span class='ocrx_word' id='word_1_156' title='bbox 1224 3259 1307 3306; x_wconf 92' lang='lat' dir='ltr'>cum</span> <span class='ocrx_word' id='word_1_157' title='bbox 1332 3237 1392 3306; x_wconf 87' lang='lat' dir='ltr'>SS.</span> <span class='ocrx_word' id='word_1_158' title='bbox 1420 3237 1503 3306; x_wconf 89' lang='lat' dir='ltr'>Sac-</span> 
     </span>
     <span class='ocr_line' id='line_1_23' title="bbox 355 3354 1504 3442; baseline 0 -21"><span class='ocrx_word' id='word_1_159' title='bbox 355 3363 521 3423; x_wconf 91' lang='lat' dir='ltr'>ramento</span> <span class='ocrx_word' id='word_1_160' title='bbox 553 3355 769 3442; x_wconf 87' lang='lat' dir='ltr'>impertitur,</span> <span class='ocrx_word' id='word_1_161' title='bbox 804 3362 1002 3442; x_wconf 88' lang='lat' dir='ltr'>antequam</span> <span class='ocrx_word' id='word_1_162' title='bbox 1036 3354 1167 3422; x_wconf 88' lang='lat' dir='ltr'>Hostia</span> <span class='ocrx_word' id='word_1_163' title='bbox 1198 3354 1235 3422; x_wconf 92' lang='lat' dir='ltr'>in</span> <span class='ocrx_word' id='word_1_164' title='bbox 1269 3354 1504 3422; x_wconf 88' lang='lat' dir='ltr'>tabernaculo</span> 
     </span>
     <span class='ocr_line' id='line_1_24' title="bbox 355 3469 1502 3557; baseline 0.001 -20"><span class='ocrx_word' id='word_1_165' title='bbox 355 3471 551 3557; x_wconf 88' lang='lat' dir='ltr'>reponitur,</span> <span class='ocrx_word' id='word_1_166' title='bbox 578 3471 750 3540; x_wconf 87' lang='lat' dir='ltr'>Sacerdos</span> <span class='ocrx_word' id='word_1_167' title='bbox 777 3470 955 3550; x_wconf 88' lang='lat' dir='ltr'>recitabit,</span> <span class='ocrx_word' id='word_1_168' title='bbox 982 3491 1065 3538; x_wconf 90' lang='lat' dir='ltr'>cum</span> <span class='ocrx_word' id='word_1_169' title='bbox 1092 3470 1257 3538; x_wconf 90' lang='lat' dir='ltr'>fidelibus</span> <span class='ocrx_word' id='word_1_170' title='bbox 1283 3491 1344 3539; x_wconf 90' lang='lat' dir='ltr'>eas</span> <span class='ocrx_word' id='word_1_171' title='bbox 1370 3469 1502 3538; x_wconf 88' lang='lat' dir='ltr'>iteran-</span> 
     </span>
     <span class='ocr_line' id='line_1_25' title="bbox 356 3586 1410 3666; baseline 0 -12"><span class='ocrx_word' id='word_1_172' title='bbox 356 3586 465 3666; x_wconf 78' lang='lat' dir='ltr'>tibus</span> <span class='ocrx_word' id='word_1_173' title='bbox 494 3587 620 3656; x_wconf 91' lang='lat' dir='ltr'>Preces</span> <span class='ocrx_word' id='word_1_174' title='bbox 644 3587 793 3656; x_wconf 92' lang='lat' dir='ltr'>Laudis:</span> <span class='ocrx_word' id='word_1_175' title='bbox 834 3587 915 3656; x_wconf 89' lang='lat' dir='ltr'>“Sit</span> <span class='ocrx_word' id='word_1_176' title='bbox 937 3587 1035 3655; x_wconf 91' lang='lat' dir='ltr'>Deus</span> <span class='ocrx_word' id='word_1_177' title='bbox 1061 3586 1288 3665; x_wconf 89' lang='lat' dir='ltr'>Benedictus,</span> <span class='ocrx_word' id='word_1_178' title='bbox 1316 3587 1410 3654; x_wconf 85' lang='lat' dir='ltr'>etc.’&#39;</span> 
     </span>
    </p>
   </div>
   <div class='ocr_carea' id='block_1_7' title="bbox 355 3769 1502 4321">
    <p class='ocr_par' dir='ltr' id='par_1_7' title="bbox 355 3769 1502 4321">
     <span class='ocr_line' id='line_1_26' title="bbox 405 3769 1501 3857; baseline 0.002 -21"><span class='ocrx_word' id='word_1_179' title='bbox 405 3769 496 3836; x_wconf 87' lang='lat'><strong>112⁰.</strong></span> <span class='ocrx_word' id='word_1_180' title='bbox 545 3769 586 3837; x_wconf 92' lang='lat' dir='ltr'>In</span> <span class='ocrx_word' id='word_1_181' title='bbox 619 3769 773 3838; x_wconf 90' lang='lat' dir='ltr'>ecclesiis</span> <span class='ocrx_word' id='word_1_182' title='bbox 802 3779 839 3838; x_wconf 89' lang='lat' dir='ltr'>et</span> <span class='ocrx_word' id='word_1_183' title='bbox 867 3769 1034 3838; x_wconf 88' lang='lat' dir='ltr'>oratoriis</span> <span class='ocrx_word' id='word_1_184' title='bbox 1062 3769 1360 3857; x_wconf 88' lang='lat' dir='ltr'>quibuscumque,</span> <span class='ocrx_word' id='word_1_185' title='bbox 1391 3770 1501 3838; x_wconf 90' lang='lat' dir='ltr'>etiam</span> 
     </span>
     <span class='ocr_line' id='line_1_27' title="bbox 355 3885 1500 3972; baseline 0.001 -19"><span class='ocrx_word' id='word_1_186' title='bbox 355 3885 598 3972; x_wconf 82' lang='lat' dir='ltr'>Regularium,</span> <span class='ocrx_word' id='word_1_187' title='bbox 636 3885 909 3954; x_wconf 88' lang='lat' dir='ltr'>Sanctissimum</span> <span class='ocrx_word' id='word_1_188' title='bbox 945 3885 1194 3954; x_wconf 87' lang='lat' dir='ltr'>Eucharistiae</span> <span class='ocrx_word' id='word_1_189' title='bbox 1229 3885 1500 3954; x_wconf 87' lang='lat' dir='ltr'>Sacramentum</span> 
     </span>
     <span class='ocr_line' id='line_1_28' title="bbox 357 4001 1502 4089; baseline 0.001 -20"><span class='ocrx_word' id='word_1_190' title='bbox 357 4001 499 4089; x_wconf 91' lang='lat' dir='ltr'>publice</span> <span class='ocrx_word' id='word_1_191' title='bbox 527 4003 753 4071; x_wconf 90' lang='lat' dir='ltr'>adorandum</span> <span class='ocrx_word' id='word_1_192' title='bbox 783 4023 961 4088; x_wconf 87' lang='lat' dir='ltr'>exponere</span> <span class='ocrx_word' id='word_1_193' title='bbox 989 4023 1062 4070; x_wconf 93' lang='lat' dir='ltr'>non</span> <span class='ocrx_word' id='word_1_194' title='bbox 1093 4002 1187 4081; x_wconf 88' lang='lat' dir='ltr'>licet,</span> <span class='ocrx_word' id='word_1_195' title='bbox 1218 4001 1288 4069; x_wconf 91' lang='lat' dir='ltr'>nisi</span> <span class='ocrx_word' id='word_1_196' title='bbox 1317 4023 1363 4069; x_wconf 85' lang='lat' dir='ltr'>ex</span> <span class='ocrx_word' id='word_1_197' title='bbox 1391 4023 1502 4070; x_wconf 89' lang='lat' dir='ltr'>causa</span> 
     </span>
     <span class='ocr_line' id='line_1_29' title="bbox 356 4117 1501 4206; baseline -0.002 -20"><span class='ocrx_word' id='word_1_198' title='bbox 356 4118 511 4205; x_wconf 87' lang='lat' dir='ltr'>publica,</span> <span class='ocrx_word' id='word_1_199' title='bbox 535 4140 629 4206; x_wconf 86' lang='lat' dir='ltr'>quae</span> <span class='ocrx_word' id='word_1_200' title='bbox 650 4120 805 4206; x_wconf 92' lang='lat' dir='ltr'>probata</span> <span class='ocrx_word' id='word_1_201' title='bbox 826 4117 873 4186; x_wconf 89' lang='lat' dir='ltr'>sit</span> <span class='ocrx_word' id='word_1_202' title='bbox 895 4118 942 4186; x_wconf 93' lang='lat' dir='ltr'>ab</span> <span class='ocrx_word' id='word_1_203' title='bbox 965 4117 1165 4186; x_wconf 87' lang='lat' dir='ltr'>Ordinario.</span> <span class='ocrx_word' id='word_1_204' title='bbox 1214 4117 1256 4186; x_wconf 94' lang='lat' dir='ltr'>In</span> <span class='ocrx_word' id='word_1_205' title='bbox 1280 4117 1359 4204; x_wconf 89' lang='lat' dir='ltr'>ejus</span> <span class='ocrx_word' id='word_1_206' title='bbox 1380 4117 1501 4205; x_wconf 86' lang='lat' dir='ltr'>Expo-</span> 
     </span>
     <span class='ocr_line' id='line_1_30' title="bbox 356 4233 1502 4321; baseline -0.002 -17"><span class='ocrx_word' id='word_1_207' title='bbox 356 4234 486 4304; x_wconf 90' lang='lat' dir='ltr'>sitione</span> <span class='ocrx_word' id='word_1_208' title='bbox 502 4235 627 4304; x_wconf 87' lang='lat' dir='ltr'>stricte</span> <span class='ocrx_word' id='word_1_209' title='bbox 644 4236 821 4303; x_wconf 87' lang='lat' dir='ltr'>servanda</span> <span class='ocrx_word' id='word_1_210' title='bbox 838 4242 923 4302; x_wconf 85' lang='lat' dir='ltr'>sunt</span> <span class='ocrx_word' id='word_1_211' title='bbox 941 4233 1063 4304; x_wconf 86' lang='lat' dir='ltr'>omnia</span> <span class='ocrx_word' id='word_1_212' title='bbox 1080 4255 1173 4321; x_wconf 91' lang='lat' dir='ltr'>quae</span> <span class='ocrx_word' id='word_1_213' title='bbox 1189 4233 1225 4302; x_wconf 93' lang='lat' dir='ltr'>in</span> <span class='ocrx_word' id='word_1_214' title='bbox 1244 4233 1502 4304; x_wconf 78' lang='lat' dir='ltr'>caeremoniali</span> 
     </span>
    </p>
   </div>
   <div class='ocr_carea' id='block_1_8' title="bbox 0 0 1786 5208">
    <p class='ocr_par' dir='ltr' id='par_1_8' title="bbox 0 0 1786 5208">
     <span class='ocr_line' id='line_1_31' title="bbox 0 0 1786 5208; baseline 0 1"><span class='ocrx_word' id='word_1_215' title='bbox 0 0 1786 5208; x_wconf 95' lang='lat' dir='ltr'> </span> 
     </span>
    </p>
   </div>
  </div>
 </body>
</html>
