3564 5208
334 463 372 528 52
524 460 572 506 DE
597 459 683 509 vm
709 460 755 506 ET
779 459 1001 508 HONESTATE
1026 459 1278 510 CLERICORUM.

332 663 499 742 terquam
524 675 680 732 suorum,
704 653 772 720 nisi
792 652 1069 740 Archiepiscopo
1088 654 1342 733 consentiente,
1367 654 1473 722 susci-

331 771 445 857 piant.
486 771 662 838 Nolumus
673 769 793 849 etiam,
806 779 953 856 propter
965 791 1096 856 magna
1108 771 1204 838 mala
1215 770 1299 839 inde
1310 770 1472 849 oriunda,

333 897 375 956 ut
410 889 619 956 Sacerdotes
654 885 812 955 fidelium
838 873 1007 972 pecunias
1029 887 1102 954 ullo
1128 908 1356 974 quocumque
1374 909 1473 973 prae-

334 1014 439 1072 textu
465 1005 502 1072 in
527 1004 731 1091 depositum
755 1003 944 1089 accipiant.

384 1170 474 1256 143⁰.
524 1168 751 1238 Gravissimis
768 1170 834 1237 sub
852 1169 975 1255 poenis
991 1177 1158 1238 vetamus
1175 1170 1367 1256 quominus
1383 1169 1476 1236 ludis

334 1287 480 1355 scenicis
499 1295 536 1354 et
555 1285 777 1373 spectaculis,
799 1285 874 1354 sive
892 1285 1028 1373 tragica
1044 1285 1126 1365 sint,
1148 1285 1223 1354 sive
1238 1285 1384 1364 comica,
1403 1285 1477 1353 sive

334 1426 427 1491 quae
451 1411 629 1472 vocantur
654 1417 756 1490 opero
781 1410 846 1470 aut
871 1402 1007 1470 choreis
1041 1401 1156 1470 clerici
1186 1402 1364 1482 intersint,
1402 1403 1477 1469 vol-

334 1542 511 1607 umusque
531 1528 573 1587 ut
594 1521 640 1588 ab
656 1519 788 1587 illicitis
803 1519 950 1598 lusibus,
967 1519 1040 1588 imo
1060 1519 1169 1587 etiam
1190 1541 1212 1587 a
1227 1519 1334 1588 licitis
1349 1540 1477 1587 avoca-

334 1637 475 1716 mentis,
500 1658 593 1724 quae
616 1636 784 1704 scandalo
807 1658 881 1703 esse
904 1635 1052 1722 possint,
1077 1636 1293 1704 abstineant.

384 1802 474 1884 144⁰.
524 1801 654 1870 Stricte
678 1801 899 1887 injungimus
923 1801 1089 1868 omnibus
1114 1800 1366 1870 Sacerdotibus
1390 1812 1432 1869 ut
1457 1824 1479 1868 a

334 1921 440 1986 rebus
468 1917 622 2004 politicis
649 1938 793 2003 prorsus
821 1917 1037 1985 abstineant.
1088 1917 1212 1996 Nemo,
1243 1917 1318 1985 sine
1347 1919 1479 1985 Nostra

333 2034 488 2114 licentia,
513 2044 719 2121 praesumat
740 2033 829 2120 juris
851 2033 984 2120 publici
1007 2035 1122 2101 lacere
1144 2056 1246 2102 suam
1268 2036 1314 2103 de
1335 2033 1478 2102 official-

334 2152 416 2220 ibus
433 2150 754 2220 administrationis
771 2150 894 2230 civilis,
915 2151 971 2218 vel
989 2151 1034 2218 de
1052 2150 1254 2220 candidatis
1272 2151 1479 2238 petentibus

336 2291 485 2338 munera
501 2267 628 2346 civilia,
648 2267 965 2346 existimationem;
995 2288 1060 2334 nec
1077 2267 1220 2335 tolerari
1237 2267 1349 2354 possit
1367 2269 1474 2354 quod,

337 2387 402 2453 sub
426 2384 586 2472 quolibet
609 2393 811 2470 praetextu,
836 2384 874 2450 hi
896 2383 1080 2452 candidati
1103 2405 1248 2452 causam
1271 2405 1373 2452 suam
1397 2405 1479 2450 curn

336 2503 469 2588 populo
485 2509 594 2587 agant
610 2499 646 2566 in
664 2500 825 2567 aedificio
841 2500 969 2586 quovis
985 2500 1188 2585 parochiali.

387 2666 476 2752 145⁰.
525 2666 696 2734 Sacerdos
734 2665 967 2734 saecularium
996 2665 1196 2745 mulierum,
1226 2689 1271 2734 ne
1300 2667 1372 2735 suis
1402 2668 1480 2750 qui-

337 2786 420 2852 dem
443 2781 611 2868 exceptis
637 2781 816 2849 consortio
832 2788 868 2847 et
889 2781 1132 2849 familiaritate
1148 2782 1258 2851 nimia
1274 2805 1320 2851 ne
1341 2791 1477 2860 utatur,

337 2921 453 2986 neque
497 2920 567 2978 eas,
615 2897 698 2965 licet
747 2897 948 2984 propinqua
995 2897 1206 2984 cognatione
1255 2898 1478 2984 conjunctas,

337 3017 374 3084 in
409 3018 533 3084 eadem
567 3036 686 3083 secum
720 3014 827 3084 domo
860 3014 1072 3084 commorari
1105 3014 1210 3094 sinat,
1246 3014 1314 3082 nisi
1347 3015 1478 3106 fuerint

338 3133 416 3201 vita
449 3140 485 3199 et
518 3132 678 3201 moribus
711 3130 1003 3218 spectatissimae,
1031 3152 1196 3219 quaeque
1229 3132 1327 3200 nullo
1359 3134 1476 3209 mod0,

340 3250 415 3317 sive
442 3249 578 3318 directo
607 3248 682 3316 sive
708 3247 893 3327 indirecto,
924 3269 961 3314 se
990 3247 1098 3316 sacris
1125 3248 1332 3317 muneribus
1358 3270 1479 3335 geren-

339 3366 394 3434 dis
410 3373 474 3434 aut
491 3366 597 3433 rebus
613 3364 778 3432 ecclesiae
795 3363 1087 3432 administrandis
1102 3364 1337 3434 immisceant.
1376 3364 1479 3450 Quod

340 3483 369 3551 si
384 3483 517 3550 Rector
530 3481 695 3550 habuerit
710 3480 947 3560 auxiliarium,
963 3481 1130 3550 volumus
1144 3489 1185 3549 ut
1200 3481 1480 3567 consanguineas

341 3600 397 3666 vel
413 3599 536 3666 affines
551 3597 708 3685 juniores
723 3598 839 3666 nullas
854 3596 890 3663 in
900 3592 1015 3665 ¹domo
1032 3619 1096 3664 sua
1112 3597 1276 3666 habitare
1291 3597 1479 3685 permittat

340 3715 407 3784 nisi
427 3718 472 3783 de
493 3714 624 3783 Nostro
644 3735 828 3783 consensu.
878 3713 1066 3781 Praeterea
1085 3735 1284 3801 numquam
1304 3713 1480 3782 retinean-

340 3843 401 3901 tur
441 3831 783 3918 consanguineorum
825 3839 889 3896 aut
931 3829 1092 3899 affinium
1134 3830 1299 3898 familiae.
1348 3831 1481 3898 Curent

340 3949 451 4019 etiam
466 3949 637 4016 Rectores
658 3970 717 4016 eas
735 3955 881 4015 tantum
903 3944 971 4012 sibi
986 3945 1132 4013 ancillas
1152 3946 1305 4032 seligere,
1327 3967 1489 4032 quarum

340 4075 441 4134 aetas
481 4072 652 4150 provecta
692 4072 727 4130 et
769 4063 866 4130 fama
905 4060 1044 4129 illibata
1073 4083 1216 4130 omnem
1246 4061 1481 4147 suspicionem

340 4190 518 4252 amoveat.
