3564 5208
338 497 381 560 34
745 495 793 542 oa
819 496 1073 547 nurnrnomo.

338 693 496 773 quatuor
512 693 548 754 et
560 688 684 756 decem
696 686 775 755 nati
787 689 835 755 ad
846 687 1049 758 Americam
1062 687 1237 768 venerint,
1246 687 1370 757 stricte
1381 710 1484 757 man-

337 802 467 870 damus
486 809 528 870 ut
548 811 647 871 certa
665 802 701 872 in
723 803 865 890 scriptis
884 803 1103 883 testimonia,
1124 804 1193 872 nisi
1213 804 1318 873 aliter
1337 805 1481 874 eviden-

338 927 394 987 ter
419 926 574 999 constat,
602 920 648 988 de
675 928 775 988 statu
802 920 914 988 libero
941 921 1149 1007 praebeant.

384 1069 454 1157 78⁰.
502 1069 540 1138 Si
568 1070 755 1158 contingat
785 1070 942 1158 aliquem
971 1071 1162 1157 apparenti
1190 1071 1358 1158 ligamine
1388 1072 1481 1141 Mat·

336 1185 478 1255 rimonii
499 1186 663 1255 vinctum
684 1209 821 1256 novum
844 1187 971 1255 foedus
991 1187 1081 1256 inire
1102 1188 1204 1267 velle,
1222 1210 1263 1256 eo
1288 1197 1479 1275 praetextu

336 1304 434 1391 quod
457 1302 600 1371 irritum
626 1303 733 1371 fuerit
758 1303 857 1390 prius
882 1303 1163 1382 Matrimonium,
1189 1305 1310 1373 nullus
1334 1305 1479 1382 Rector,

336 1427 373 1488 et
400 1441 422 1487 a
448 1419 580 1507 potiori
604 1419 724 1489 nullus
750 1419 968 1501 auxiliarius,
997 1442 1144 1489 causam
1171 1443 1236 1489 sua
1262 1421 1480 1489 auctoritate

335 1535 500 1605 dirimere
516 1545 734 1622 praesumat,
753 1538 816 1606 sed
832 1559 908 1606 rem
925 1539 972 1606 ad
991 1537 1164 1606 Nostrum
1181 1537 1341 1607 tribunal
1357 1537 1479 1606 referri

335 1651 483 1721 omnino
497 1653 674 1733 volumus,
692 1652 755 1721 ubi
769 1653 878 1740 juxta
891 1654 1033 1741 regulas
1046 1653 1136 1741 juris
1151 1653 1420 1741 dijudicabitur.

384 1809 453 1896 79⁰.
502 1808 557 1876 Ea
582 1817 729 1878 tantum
757 1809 987 1877 Matrimonia
1014 1809 1136 1877 valida
1163 1818 1247 1878 sunt
1275 1831 1368 1896 quae
1395 1832 1479 1878 con-

335 1925 531 1994 trahuntur
554 1924 630 1994 sive
654 1947 775 1994 coram
800 1925 990 1994 Ordinario
1014 1926 1072 1994 vel
1098 1925 1269 2005 Parocho,
1296 1928 1478 1994 duntaxat

334 2042 432 2111 intra
450 2041 539 2110 fines
557 2041 728 2110 territorii
748 2041 816 2110 sibi
835 2041 1025 2121 commissi,
1048 2041 1124 2110 sive
1144 2062 1264 2110 coram
1285 2043 1478 2111 Sacerdote

335 2159 382 2228 ab
424 2159 599 2227 alterutro
639 2158 815 2245 delegato
859 2165 896 2226 et
934 2159 1077 2226 duobus
1108 2158 1273 2226 testibus.
1326 2159 1478 2246 Propter

335 2274 531 2361 peculiares
567 2277 665 2361 apud
706 2296 772 2342 nos
810 2273 1034 2343 conditiones
1072 2275 1277 2362 delegamus
1320 2275 1476 2362 singulos

335 2392 546 2460 Sacerdotes
568 2391 764 2478 adjutores
782 2391 913 2474 quibus
937 2391 1179 2460 commisimus
1202 2391 1395 2460 facultates
1411 2413 1474 2478 pro

334 2529 420 2576 cura
459 2509 672 2587 animarum,
712 2509 759 2578 ad
798 2508 917 2577 valide
959 2509 1201 2577 assistendum
1239 2508 1477 2578 Matrimoniis

336 2626 592 2694 tantummodo
622 2625 718 2694 intra
741 2625 830 2693 fines
860 2624 955 2692 illius
974 2624 1161 2694 districtus
1192 2626 1250 2694 cui
1281 2625 1432 2708 quisque
1454 2648 1476 2693 a

337 2742 460 2821 Nobis,
496 2742 607 2810 etiam
641 2744 689 2810 ad
727 2743 835 2810 breve
870 2751 1024 2828 tempus,
1058 2741 1242 2820 statuitur,
1276 2750 1313 2810 et
1352 2763 1476 2810 revera

336 2857 497 2926 inservit.
1364 2864 1366 2871 '

380 3008 452 3077 80⁰.
502 3007 653 3077 Parochi
686 3016 871 3095 praeterea
904 3017 941 3076 et
974 3007 1044 3094 ipsi
1077 3007 1223 3095 quidem
1258 3007 1333 3087 soli,
1369 3007 1478 3076 salvis

336 3125 477 3194 Nostris
504 3125 655 3212 juribus
688 3133 839 3212 possunt
869 3125 1033 3210 delegare
1063 3124 1151 3193 alios
1182 3132 1325 3211 praeter
1355 3144 1478 3211 supra-

333 3241 450 3312 dictos
474 3243 685 3311 Sacerdotes
709 3250 762 3321 ut,
779 3241 876 3310 intra
899 3241 1104 3310 districtum
1128 3240 1336 3328 delegantis,
1355 3239 1478 3309 Matri-

333 3359 464 3428 moniis
492 3359 674 3427 assistant.
730 3358 773 3426 In
814 3357 913 3426 omni
955 3366 1078 3426 autem
1108 3379 1194 3425 casu
1228 3357 1276 3426 sit
1306 3358 1479 3426 Sacerdos

333 3477 519 3562 delegatus
543 3484 663 3543 certus
687 3483 724 3544 et
748 3474 1021 3552 determinatus
1048 3482 1310 3561 moneaturque
1334 3473 1411 3561 ipse
1435 3482 1478 3542 ut

284 3592 287 3598 ’
333 3592 465 3660 limites
476 3591 641 3660 mandati
653 3591 708 3659 sui
718 3613 791 3660 non
803 3590 1099 3678 transgrediatur.
1140 3591 1215 3658 Lex
1226 3589 1341 3658 civilis
1352 3591 1479 3659 Status

289 3661 326 3785 ss
334 3708 692 3776 Massachusettensis
709 3707 859 3795 requirit
879 3709 977 3796 quod
1001 3706 1165 3775 minister
1182 3707 1273 3774 ritus
1293 3706 1478 3776 matrimo-

333 3824 437 3892 nialis
456 3823 677 3892 domicilium
695 3823 793 3892 intra
811 3824 944 3892 limites
962 3823 1072 3910 hujus
1092 3824 1218 3893 Status
1237 3823 1382 3892 habeat.

380 3981 452 4048 81⁰.
500 3979 728 4048 Memineu‘nt
738 3980 948 4048 Sacerdotes
956 3979 1046 4048 illud
1056 3977 1478 4048 tantumllatrimonium

334 4119 410 4166 esse
421 4097 583 4166 validum
598 4097 656 4165 cui
671 4095 808 4165 assistit
824 4097 996 4166 Sacerdos
1010 4095 1189 4164 invitatus
1204 4103 1241 4163 et
1257 4103 1404 4181 rogatus
1416 4095 1480 4182 qui

333 4215 410 4302 ipse
424 4213 573 4301 requirit
589 4213 795 4300 excipitque
810 4211 1102 4286 contrahentium
1118 4233 1321 4280 consensus.
