3564 5208
692 491 1026 542 CONSTITUTIONES.
1386 495 1429 556 49

284 690 485 776 optandum
504 696 546 755 ut
564 709 657 754 unus
676 687 803 754 saltem
822 687 1003 766 Sacerdos,
1024 687 1159 772 pietate
1177 708 1219 754 ac
1237 686 1428 773 prudentia

284 803 586 882 commendabilis,
605 803 660 871 uti
680 811 866 870 exsecutor
882 803 1091 872 testamenti
1108 803 1359 871 constituatur.

332 971 422 1057 132⁰.
473 971 524 1038 Ut
547 969 721 1038 sanctitas
744 969 970 1038 ecclesiarum
993 970 1039 1036 ab
1063 969 1161 1038 omni
1184 969 1335 1055 profano
1358 991 1424 1037 usu

283 1087 452 1158 immunis
471 1094 641 1164 servetur,
662 1085 892 1173 prohibemus
909 1108 955 1153 ne
973 1085 1008 1152 in
1028 1085 1154 1153 iisdem
1172 1085 1245 1153 ullo
1264 1094 1426 1172 tempore

282 1213 477 1272 concentus
493 1203 629 1281 musici,
648 1225 693 1269 ne
715 1202 805 1270 sacri
827 1202 983 1290 quidem,
1002 1202 1215 1270 habeantur.
1263 1202 1428 1270 Vetitum

281 1330 336 1390 est
351 1343 397 1388 ne
412 1319 511 1388 laicis
525 1319 684 1407 personis
700 1341 862 1406 unquam
878 1318 1111 1406 permittatur
1126 1319 1237 1386 verba
1252 1320 1299 1387 ad
1316 1341 1429 1406 popu-

280 1439 356 1506 lum
386 1438 501 1505 facere
528 1437 565 1504 in
595 1435 749 1503 ecclesiis
777 1435 975 1504 benedictis
1004 1435 1078 1504 sine
1107 1436 1335 1521 praecedenti
1365 1436 1429 1505 Or-

280 1554 410 1624 dinarii
432 1553 586 1621 licentia.

332 1718 422 1804 133⁰.
471 1717 635 1786 Vetitum
648 1738 792 1804 quoque
803 1725 857 1784 est
869 1716 1010 1803 affigere
1020 1717 1132 1786 muris
1143 1715 1310 1784 ecclesiae
1321 1717 1425 1784 tabu-

282 1836 355 1904 lam
376 1833 552 1921 quamvis,
576 1833 769 1920 nequidem
790 1833 837 1900 ad
859 1833 1076 1919 publicanda
1097 1833 1244 1902 nomina
1265 1832 1426 1919 designa-

283 1951 371 2018 toris
387 1950 545 2018 funebris
561 1958 626 2018 aut
642 1949 809 2017 ecclesiae
825 1949 971 2017 aeditui.

332 2116 422 2203 134⁰.
472 2115 515 2182 In
546 2115 692 2202 singulis
721 2114 958 2194 missionibus,
990 2115 1053 2183 ubi
1082 2115 1212 2183 residet
1242 2116 1423 2193 Sacerdos,

282 2233 459 2300 habeatur
481 2253 564 2300 arca
586 2232 698 2299 ferrea
724 2231 838 2318 (soie),
863 2253 956 2318 quae
977 2253 1042 2318 pro
1064 2231 1210 2300 archivo
1232 2231 1426 2318 parochiali

281 2348 463 2416 inserviat,
513 2348 556 2415 In
584 2370 626 2416 ea
653 2356 735 2416 tuto
762 2347 1013 2416 custodiantur
1038 2348 1159 2417 omnia
1185 2348 1425 2418 instrumenta

153 2459 156 2462 ’
282 2464 456 2544 officialia,
478 2464 553 2533 sive
578 2464 777 2544 diocesana,
799 2464 874 2532 sive
898 2463 1025 2543 civilia,
1047 2473 1083 2532 et
1107 2465 1187 2532 libri
1205 2465 1425 2551 parochiales

282 2581 451 2650 ecclesiae
467 2581 524 2649 vel
542 2580 769 2651 ecclesiarum
784 2580 970 2649 missionis.

694 2847 900 2918 TITULUS
929 2848 1015 2917 XV.

458 3007 520 3076 De
543 3008 634 3076 vita
656 3014 697 3075 et
720 3005 951 3076 Honestate
975 3006 1247 3077 Clerlcorum.

333 3168 423 3255 135⁰.
476 3166 595 3234 “Nihil
617 3167 706 3244 est‚”
729 3165 781 3234 ait
802 3166 999 3236 Concilium
1019 3167 1279 3247 Tridentinum,
1306 3170 1425 3256 “quod

284 3283 372 3352 alios
393 3283 508 3369 magis
529 3286 575 3350 ad
598 3281 772 3368 pietatem
794 3291 831 3350 et
854 3282 920 3349 Dei
936 3283 1074 3351 cultum
1096 3283 1237 3351 assidue
1257 3283 1424 3364 instruat,

284 3422 394 3488 quam
413 3421 536 3468 eorum
554 3398 632 3466 vita
651 3406 688 3465 et
706 3399 920 3484 exemplum,
941 3399 1003 3486 qui
1022 3421 1059 3466 se
1078 3399 1211 3468 Divino
1228 3400 1426 3469 ministerio

284 3517 532 3585 dedicanmt.'’
581 3513 820 3584 Sanctitatem
840 3515 950 3602 igitur
970 3524 1152 3584 sectentur
1173 3517 1239 3584 Dei
1259 3517 1422 3597 ministri,

284 3643 320 3702 et
344 3634 459 3702 forma
481 3632 568 3700 facti
589 3631 704 3718 gregis
726 3653 770 3698 ex
792 3631 923 3711 anim0,
947 3633 1150 3718 exemplum
1173 3633 1245 3702 sint
1266 3634 1423 3703 fidelium

283 3751 319 3818 in
340 3751 460 3828 verbo,
482 3749 518 3816 in
539 3748 819 3828 conversatione,
840 3748 877 3815 in
898 3748 1083 3828 charitate,
1104 3748 1141 3816 in
1161 3750 1241 3829 fide,
1263 3750 1299 3820 in
1320 3752 1425 3820 casti-

283 3876 375 3946 tate;
423 3865 495 3933 sint
530 3864 648 3944 sobrii,
685 3866 888 3952 prudentes,
924 3865 1052 3945 ornati,
1089 3866 1219 3952 pudici,
1256 3869 1425 3947 modesti;

283 3982 591 4052 conversationem
617 4003 719 4051 suam
744 3981 839 4050 inter
862 3991 987 4069 gentes
1011 3983 1186 4051 habentes
1211 3986 1354 4065 bonam,
1382 3995 1425 4053 ut

283 4102 373 4169 bene
400 4099 572 4168 facientes
598 4099 843 4168 obmutescere
870 4099 1005 4168 iaciant
1032 4099 1296 4186 impudentium
1324 4101 1423 4170 hom-

281 4218 382 4285 inum
405 4215 656 4303 ignorantiam,
683 4223 720 4284 et
743 4217 954 4284 obstruatur
976 4237 1017 4284 os
1040 4216 1264 4302 loquentium
1288 4217 1421 4304 iniqua.
