3564 5208
355 481 396 543 32
763 477 809 524 oe
836 477 1090 526 unrnrnomo

353 671 464 738 etiam
483 673 629 758 quando
647 674 784 758 absque
804 672 912 739 Missa
930 672 1023 738 fiunt
1041 671 1077 737 in
1106 671 1253 739 ecclesia
1279 681 1344 739 aut
1370 673 1499 740 saltem

354 789 389 853 in
406 790 515 855 domo
529 789 704 855 rectorali.

402 986 471 1072 73⁰.
519 985 815 1055 AMatn'moniis
840 987 963 1054 Mixtis
988 987 1119 1065 fideles
1147 1008 1220 1072 qua
1245 1007 1310 1072 par
1334 995 1389 1054 est
1415 1008 1498 1073 pru-
1562 1051 1566 1057 .

352 1101 477 1170 dentia
503 1111 540 1169 et
567 1103 698 1182 studio,
727 1111 951 1182 avertantur,
980 1111 1017 1171 et
1044 1103 1265 1181 Sacerdotes,
1294 1103 1402 1172 semel
1430 1104 1498 1170 sal-

353 1227 428 1286 tem
455 1218 493 1285 in
523 1240 629 1297 ann0,
659 1228 822 1306 ternpore
851 1219 1060 1305 praesertim
1089 1218 1281 1286 Adventus
1309 1227 1346 1286 et
1376 1218 1497 1304 Quad-

352 1334 558 1420 ragesimae‚
568 1336 670 1421 gravi
682 1357 844 1404 sermone
857 1357 939 1403 suos
951 1335 1019 1403 hac
1031 1337 1076 1403 de
1088 1357 1125 1402 re
1137 1337 1322 1402 edoceant.
1362 1334 1499 1420 Quodsi

352 1451 388 1518 in
423 1473 508 1518 casu
543 1451 750 1538 particulari
784 1450 1055 1520 Matrimonium
1089 1451 1297 1537 hujusmodi
1330 1451 1498 1537 expedire

352 1567 529 1646 videatur,
548 1568 636 1635 haec
652 1590 791 1654 semper
806 1567 1076 1654 diligentissime
1092 1577 1294 1635 serventur:

398 1734 434 1814 a)
484 1733 631 1800 Nullum
656 1711 750 1800 adsit
775 1733 971 1818 periculum
994 1755 1040 1799 ne
1063 1732 1197 1818 conjux
1219 1731 1426 1801 Catholicus
1448 1733 1495 1798 ab

351 1848 552 1916 acatholico
564 1849 721 1935 perverti
735 1849 858 1935 possit,
874 1858 910 1917 et
925 1857 1202 1935 praemoneatur
1213 1848 1400 1917 Catholica
1413 1869 1497 1934 pars

353 1986 390 2030 se
417 1964 531 2031 teneri
560 1966 607 2032 ad
636 1964 874 2032 acatholicam
903 1987 968 2051 pro
997 1965 1134 2032 viribus
1163 1966 1209 2032 ab
1239 1986 1356 2032 errore
1383 1973 1495 2032 retra-

351 2080 517 2148 hendam.

397 2215 436 2296 b)
483 2214 625 2300 Conjux
667 2215 887 2282 acatholicus
930 2215 1144 2293 solemniter,
1190 2223 1226 2282 et
1269 2215 1414 2301 quidem
1456 2214 1493 2280 in

350 2330 501 2416 scriptis,
527 2331 737 2422 promittere
759 2331 868 2400 debet
895 2331 1095 2400 Catholico:
1142 2357 1169 2397 1.
1196 2330 1365 2398 Liberum
1396 2351 1493 2397 exer-

351 2445 477 2514 citium
508 2469 593 2514 suae
622 2447 815 2532 religionis;
860 2472 889 2514 2.
917 2446 1145 2534 Baptismum
1177 2457 1213 2515 et
1244 2446 1494 2514 educationem

351 2563 460 2649 prolis
480 2563 668 2650 utriusque
690 2585 796 2630 sexus
816 2564 852 2631 in
876 2564 947 2631 fide
968 2563 1164 2642 Catholica,
1189 2563 1330 2631 etiarnsi
1352 2572 1493 2648 partem

350 2679 573 2748 Catholicarn
595 2689 825 2766 praematura
846 2689 962 2748 morte
984 2679 1100 2766 abripi
1122 2679 1322 2765 contigerit.

396 2814 431 2895 c)
478 2812 634 2880 Vetatur
654 2835 701 2880 ne
723 2813 817 2880 ullus
840 2835 939 2880 sacer
961 2813 1052 2880 ritus
1075 2813 1150 2892 fiat,
1176 2812 1233 2878 vel
1257 2833 1358 2879 sacra
1381 2811 1492 2878 vestis

349 2951 371 2996 a
383 2929 576 2997 Sacerdote
588 2929 813 3008 adhibeatur,
828 2931 917 2998 dum
931 2929 1074 2997 foedera
1087 2927 1294 3014 hujusmodi
1307 2927 1488 3004 ineuntur,

350 3067 444 3132 quae
462 3066 579 3132 neque
597 3045 694 3113 intra
713 3045 897 3113 ecclesiam
916 3046 1074 3113 ineunda
1094 3053 1189 3112 sunt.

395 3180 435 3261 d)
483 3178 655 3246 Sacerdos
684 3200 872 3266 nunquam
902 3179 1072 3246 interesse
1103 3186 1224 3264 potest
1255 3176 1494 3247 Matrimoniis

351 3316 484 3374 eorum,
511 3294 575 3382 qui
600 3316 720 3362 coram
747 3316 921 3380 praecone
947 3294 1127 3363 haeretico
1154 3317 1191 3361 se
1216 3302 1343 3381 postea
1369 3292 1493 3360 sistere

349 3411 554 3479 intendunt.

399 3606 468 3692 74⁰.
517 3605 809 3693 Dispensationes
850 3608 896 3674 ab
922 3607 1204 3694 'impedimentis
1245 3607 1381 3676 Mixtae
1422 3605 1492 3672 Re-

349 3721 489 3808 ligionis
512 3731 548 3790 et
574 3721 806 3808 Disparitatis
828 3722 956 3791 Cultus
980 3723 1131 3792 Parochi
1153 3745 1226 3792 non
1251 3730 1379 3810 petant
1403 3721 1490 3808 quin

351 3838 449 3924 prius
462 3837 499 3905 in
516 3838 663 3925 singulis
678 3838 820 3906 casibus
835 3838 909 3905 tale
930 3839 1150 3907 connubium
1173 3839 1307 3907 frustra
1328 3837 1491 3906 dissuad-

351 3953 453 4022 erint.
501 3953 730 4041 Dispensatio
755 3975 862 4040 super
884 3953 1144 4040 impedimento
1168 3953 1377 4042 hujusmodi
1399 3974 1492 4024 nun-

351 4091 461 4157 quam
479 4091 544 4158 pro
561 4069 665 4138 Italis
682 4071 839 4157 petenda
856 4078 921 4150 est,
941 4072 987 4139 de
1003 4071 1136 4158 quibus
1152 4093 1224 4139 non
1243 4077 1384 4138 constet
1402 4069 1491 4136 ltal-

349 4187 445 4256 icum
471 4186 692 4256 domicilium
718 4187 864 4254 omnino
890 4187 1096 4256 deseruisse.
1433 4168 1436 4173 ’
