3564 5208
696 479 1026 527 CONSTITUTIONES.
1393 482 1428 522 21

337 676 410 762 34⁰.
460 675 695 743 Prohibemus
715 674 826 742 etiam
847 696 892 742 ne
913 675 1007 742 ullus
1028 675 1201 743 Sacerdos
1221 673 1343 742 fideles
1362 694 1434 743 non

291 792 359 859 sibi
392 791 567 870 subditos,
602 789 742 858 ratione
774 790 945 859 domicilii
978 791 1035 858 vel
1069 791 1197 858 saltem
1230 797 1437 858 menstruae

289 908 581 978 commorationis
620 907 829 975 alterutrius
862 906 1119 985 contrahentis
1157 915 1193 974 et
1229 905 1439 992 regulariter

291 1025 438 1114 quidem
458 1025 627 1111 Sponsae,
649 1023 686 1092 in
707 1044 772 1092 suo
792 1023 970 1102 districtu,
993 1025 1130 1109 absque
1149 1021 1293 1109 propria
1312 1043 1435 1090 eorum

291 1141 443 1209 Parochi
466 1141 645 1209 Nostrave
667 1139 822 1219 licentia,
848 1139 1078 1209 Matrimonio
1103 1139 1314 1226 conjungat;
1345 1159 1436 1206 neve

289 1258 448 1326 infantes
479 1257 617 1326 alienae
648 1255 933 1343 congregationis
965 1255 1137 1343 baptizet,
1170 1254 1240 1323 nisi
1271 1255 1436 1341 proprius

292 1375 427 1442 Rector
474 1373 612 1442 diutius
667 1373 860 1440 abluturus
909 1373 965 1451 sit,
1018 1381 1054 1439 et
1103 1371 1222 1458 gravis
1269 1371 1435 1439 dilationi

293 1491 471 1577 Baptismi
494 1491 616 1558 obstet
640 1489 743 1556 ratio.
793 1490 892 1556 Haec
919 1491 991 1557 duo
1015 1488 1248 1557 Sacramenta
1271 1495 1436 1573 petentes

291 1610 336 1676 de
360 1629 425 1675 suo
448 1606 628 1676 domicilio
652 1605 897 1692 interrogandi
920 1615 1015 1684 sunt,
1040 1605 1109 1671 nisi
1128 1607 1174 1672 de
1198 1604 1267 1671 hoc
1291 1603 1435 1671 aliunde

290 1724 483 1792 clarissime
503 1731 655 1800 constet,
678 1731 714 1789 et
735 1721 955 1790 domicilium
980 1730 1034 1789 est
1057 1720 1283 1807 infRegesris
1307 1728 1436 1787 notan-

289 1843 387 1910 dum.
437 1839 639 1907 Honoraria
658 1839 704 1905 ab
721 1838 846 1905 alienis
860 1837 990 1906 ovibus
1005 1837 1071 1906 tali
1084 1835 1314 1906 ministrandi
1335 1857 1434 1903 occa-

290 1957 388 2025 sione
410 1957 535 2025 oblata
557 1955 701 2043 proprio
724 1956 931 2023 earumdem
948 1955 1094 2022 Rectori
1111 1953 1209 2020 titulo
1225 1951 1382 2038 justitiae
1397 1952 1433 2021 in

288 2073 469 2159 integrum
486 2071 629 2140 restitui
646 2071 824 2156 jubemus.

337 2263 354 2324 3
361 2238 408 2324 5⁰.
456 2237 632 2305 Volumus
674 2245 716 2303 ut
758 2237 794 2302 in
839 2237 1001 2322 qualibet
1045 2235 1191 2304 ecclesia
1234 2235 1433 2304 Sacrarium

290 2355 478 2432 habeatur,
496 2352 571 2420 sive
585 2353 686 2420 locus
701 2352 902 2438 specialiter
916 2353 1125 2439 designatus
1141 2360 1177 2419 et
1193 2360 1434 2438 comparatus,

290 2471 326 2538 in
349 2491 458 2558 quem
481 2469 684 2538 ablutiones
705 2469 944 2555 corporalium
967 2477 1004 2537 et
1026 2489 1206 2548 vasorum,
1231 2489 1327 2554 aqua
1349 2469 1436 2554 bap-

289 2587 443 2655 tismalis
481 2586 557 2672 jam
598 2584 772 2664 adhibita,
816 2594 1030 2672 caeteraque
1070 2583 1287 2670 hujusmodi,
1330 2584 1437 2670 juxta

291 2703 514 2771 rubricarum
539 2701 760 2788 praescripta
784 2701 1041 2770 immittantur.

720 2904 926 2974 TlTULUS
955 2906 1003 2973 V.

561 3051 622 3120 De
647 3051 917 3124 sacramento
944 3051 1161 3130 baptismi.

335 3212 407 3298 36⁰.
457 3213 636 3298 Quoniam
665 3213 843 3301 Baptismi
871 3214 1145 3282 Sacramentum
1174 3214 1264 3280 adeo
1292 3212 1339 3279 ad
1368 3211 1435 3277 sal-

289 3337 390 3397 utem
426 3337 479 3396 est
513 3330 763 3408 necessarium,
799 3338 1016 3397 moneantur
1050 3337 1219 3415 parentes
1252 3337 1294 3395 ut
1329 3335 1436 3395 natos

287 3445 446 3513 infantes
460 3437 729 3531 quamprimum
744 3447 791 3513 ad
806 3445 990 3512 ecclesiam
1005 3445 1170 3514 deferant
1185 3444 1434 3530 baptizandos

289 3569 401 3647 atque
433 3561 554 3629 faciles
587 3583 662 3629 sese
694 3562 892 3648 praebeant
925 3561 1135 3630 Sacerdotes
1167 3571 1209 3629 ut
1241 3561 1329 3628 illud
1362 3582 1431 3627 non

289 3686 435 3746 tantum
461 3677 519 3746 die
547 3677 745 3758 Dominica,
775 3687 839 3746 aut
867 3678 922 3746 bis
947 3679 1005 3744 vel
1031 3688 1087 3747 ter
1112 3686 1259 3746 tantum
1285 3677 1321 3744 in
1349 3676 1435 3743 heb-

289 3795 456 3873 domada,
479 3796 541 3862 sed
562 3794 660 3861 omni
680 3794 738 3862 die
757 3795 1010 3862 administrare
1029 3795 1148 3882 parati
1168 3795 1251 3862 sint.

334 3957 405 4044 37⁰.
455 3958 510 4025 De
550 3960 766 4028 necessitate
808 3982 953 4046 quoque
997 3960 1176 4048 Baptismi
1217 3960 1349 4028 iterum
1393 3979 1435 4025 ac

288 4074 429 4159 saepius
445 4076 600 4161 populus
615 4086 807 4144 moneatur
823 4077 947 4156 fidelis,
967 4085 1003 4144 et
1020 4077 1293 4162 praemuniatur
1308 4084 1436 4142 contra

286 4190 484 4258 nefandum
511 4191 601 4260 illud
629 4193 743 4260 scelus
771 4193 964 4271 homicidii,
994 4202 1072 4280 tarn
1101 4191 1297 4279 spiritualis
1324 4211 1435 4278 quam
1484 4209 1487 4216 ·
