3564 5208
346 467 385 530 18
709 480 758 525 or:
782 480 875 528 zoro
899 478 1117 526 numanum.

391 677 461 744 22⁰.
510 677 561 744 Ut
597 676 768 743 Rectores
802 674 902 745 omni
937 695 1009 761 quo
1043 674 1190 742 valeant
1225 675 1346 743 studio
1381 697 1489 743 verae

343 793 444 862 Fidei
476 793 661 861 custodiae
693 800 730 859 et
763 792 965 859 animamm
998 789 1107 858 saluti
1138 790 1359 878 prospiciant
1392 813 1488 859 corn-

341 912 556 980 mendamus
578 917 620 977 ut
645 909 753 976 semel
777 909 905 975 saltem
929 908 1026 975 intra
1050 915 1123 974 tres
1147 915 1351 993 quatuorve
1374 930 1490 977 annos

343 1025 520 1094 Missionis
542 1026 670 1094 Sacrae
692 1024 864 1092 beneficia
885 1023 1015 1091 ovibus
1037 1023 1110 1090 suis
1131 1033 1334 1109 procurent.

391 1207 460 1294 23⁰.
510 1207 709 1274 Hortamur
730 1207 940 1274 Sacerdotes
962 1212 1004 1272 ut
1025 1226 1132 1272 omne
1154 1207 1315 1274 studium
1337 1208 1373 1275 in
1398 1208 1488 1275 ebri-

343 1323 452 1391 etatis
466 1323 557 1390 vitio
573 1321 790 1390 eliminando
811 1329 959 1408 ponant.
1009 1321 1168 1390 Huncin
1184 1322 1293 1392 finem
1312 1323 1489 1393 inducant

343 1461 433 1527 quos
456 1439 641 1526 potuerint
664 1439 786 1506 fideles
809 1446 851 1506 ut
876 1461 898 1506 a
921 1437 1069 1525 potibus
1090 1437 1353 1508 inebriantibus
1376 1441 1487 1510 etiam

343 1556 506 1624 totaliter
521 1555 739 1634 abstineant,
757 1555 815 1622 vel
833 1554 907 1633 soli,
926 1554 984 1621 vel
999 1553 1092 1622 inita
1107 1576 1190 1622 cum
1207 1555 1285 1622 aliis
1302 1556 1484 1636 societate,

344 1694 437 1761 quae
459 1671 588 1758 spiritu
611 1670 796 1740 Catholico
819 1679 974 1757 regatur,
1000 1678 1111 1757 atque
1133 1671 1170 1739 in
1194 1693 1341 1757 precum
1365 1681 1402 1742 et
1425 1673 1487 1740 Sa·
1514 1759 1515 1763 Ἰ

342 1797 607 1856 crementorum
637 1787 775 1855 virtute
804 1787 908 1854 sociis
937 1786 1031 1854 vires
1059 1788 1276 1857 necessarias
1306 1797 1488 1875 procuret;

344 1904 510 1972 omnibus
537 1912 574 1971 et
601 1905 712 1972 verbo
740 1913 776 1972 et
803 1903 968 1989 exemplo
995 1911 1160 1970 auctores
1186 1905 1259 1972 sint
1286 1914 1328 1973 ut
1355 1905 1391 1973 in
1420 1906 1488 1973 hac

344 2021 541 2108 periculosa
563 2041 601 2087 re
622 2041 823 2107 numquam
846 2021 1033 2087 excedant.
1072 2114 1079 2129 Ι

390 2201 460 2282 24⁰.
508 2201 540 2267 A
566 2200 719 2268 theatris
745 2210 781 2268 et
807 2200 886 2268 aliis
911 2201 1135 2287 spectaculis
1162 2201 1207 2269 iis
1232 2202 1399 2271 videlicet
1425 2203 1488 2290 qui

340 2316 484 2386 nonnisi
525 2317 698 2403 peccandi
740 2339 866 2386 ansam
909 2318 1117 2403 praebeant,
1151 2317 1273 2386 fideles
1304 2327 1484 2387 avertant.

342 2435 497 2503 Choreas
534 2433 756 2519 promiscuas
793 2442 829 2500 et
866 2433 1102 2501 immodestos
1137 2434 1361 2503 insectentur
1399 2435 1489 2503 Rec-

342 2560 439 2618 tores
454 2558 490 2618 et
506 2549 713 2617 confessarii
728 2571 859 2636 easque
874 2571 1019 2636 prorsus
1033 2552 1208 2619 damnent
1223 2551 1490 2639 juvenibusque

342 2666 553 2753 praesertim
569 2665 795 2751 prohibeant.

392 2872 408 2913 2
415 2847 462 2934 5⁰.
513 2846 594 2914 Pias
628 2867 772 2932 quoque
806 2845 1024 2913 Sodalitates
1057 2869 1119 2914 seu
1153 2849 1486 2927 Confratemitates

343 2965 420 3050 jam
452 2963 625 3050 probatas
656 2970 693 3029 et
726 2983 770 3028 ex
801 2961 1106 3047 indulgentiarum
1138 2964 1307 3032 thesauro
1339 2964 1486 3044 ditatas

344 3089 474 3168 utpote
496 3079 611 3148 nostri
634 3077 844 3165 praesertim
868 3078 999 3146 saeculi
1018 3078 1122 3147 malis
1141 3081 1357 3167 corrigendis
1375 3081 1488 3168 aptis-

346 3199 464 3276 simas
501 3196 673 3264 Rectores
707 3195 828 3263 lovere
861 3203 1015 3281 oportet.
1065 3195 1119 3263 Ne
1153 3205 1276 3266 autem
1310 3197 1402 3266 istae
1435 3198 1488 3265 in-

345 3313 610 3400 dulgentiarum
634 3312 759 3399 gratiis
781 3311 978 3398 priventur,
1006 3312 1109 3381 enixe
1136 3316 1335 3382 curandum
1364 3323 1418 3382 est
1446 3324 1488 3383 ut

345 3431 381 3499 in
420 3451 543 3498 earum
580 3429 758 3498 erectione
795 3437 831 3496 et
868 3428 1064 3496 directione
1106 3430 1259 3497 fideliter
1301 3440 1489 3500 serventur

346 3569 470 3616 omnes
496 3547 542 3614 ab
568 3545 729 3613 Ecclesia
753 3545 994 3631 praescriptae
1019 3545 1253 3625 conditiones,
1280 3547 1375 3614 inter
1400 3570 1491 3634 quas

347 3672 402 3732 est
427 3662 600 3732 canonica
625 3663 671 3730 ab
698 3661 877 3748 Episcopo
903 3661 1044 3730 erectio

395 3844 464 3912 26⁰.
514 3843 671 3911 Maximo
691 3863 774 3910 cum
795 3843 915 3910 studio
937 3843 1104 3912 foveatur
1123 3845 1407 3914 Confratemitas
1427 3846 1486 3914 SS.

348 3961 511 4030 Nominis
549 3959 616 4026 Dei
654 3959 701 4026 ad
740 3957 1017 4044 extirpationem
1056 3961 1313 4046 blasphemiae:
1361 3970 1490 4048 potens

347 4091 401 4145 est
423 4077 518 4144 enim
538 4077 627 4143 haec
647 4075 733 4143 unio
752 4074 849 4142 inter
868 4083 925 4142 tot
946 4063 1118 4154 hon‘rines
1141 4077 1177 4143 in
1200 4077 1362 4144 oratione
1383 4098 1489 4162 saepe

346 4193 559 4280 conjunctos
586 4200 622 4259 et
650 4193 697 4259 ad
724 4191 873 4259 Sacrum
900 4191 1114 4260 Convivium
1141 4201 1271 4278 quater
1297 4193 1423 4261 saltem
1452 4193 1488 4262 in
