<?xml version="1.0" encoding="UTF-8"?>
<!DOCTYPE html PUBLIC "-//W3C//DTD XHTML 1.0 Transitional//EN"
    "http://www.w3.org/TR/xhtml1/DTD/xhtml1-transitional.dtd">
<html xmlns="http://www.w3.org/1999/xhtml" xml:lang="en" lang="en">
 <head>
  <title>
</title>
<meta http-equiv="Content-Type" content="text/html;charset=utf-8" />
  <meta name='ocr-system' content='tesseract 3.04.00' />
  <meta name='ocr-capabilities' content='ocr_page ocr_carea ocr_par ocr_line ocrx_word'/>
</head>
<body>
  <div class='ocr_page' id='page_1' title='image "./constitutionesd00ocogoog_0053.png"; bbox 0 0 3564 5208; ppageno 0'>
   <div class='ocr_carea' id='block_1_1' title="bbox 381 459 1381 570">
    <p class='ocr_par' dir='ltr' id='par_1_1' title="bbox 381 459 1381 570">
     <span class='ocr_line' id='line_1_1' title="bbox 381 459 1381 570; baseline 0.003 -16"><span class='ocrx_word' id='word_1_1' title='bbox 381 512 423 570; x_wconf 83' lang='grc'>44</span> <span class='ocrx_word' id='word_1_2' title='bbox 623 507 671 554; x_wconf 81' lang='lat' dir='ltr'>DE</span> <span class='ocrx_word' id='word_1_3' title='bbox 696 507 948 557; x_wconf 67' lang='lat' dir='ltr'>comeranus</span> <span class='ocrx_word' id='word_1_4' title='bbox 973 507 1021 555; x_wconf 78' lang='lat' dir='ltr'>BT</span> <span class='ocrx_word' id='word_1_5' title='bbox 1044 507 1285 556; x_wconf 82' lang='lat' dir='ltr'><strong>SEPULTURIS.</strong></span> <span class='ocrx_word' id='word_1_6' title='bbox 1376 459 1381 476; x_wconf 47' lang='grc' dir='ltr'>Ι</span> 
     </span>
    </p>
   </div>
   <div class='ocr_carea' id='block_1_2' title="bbox 375 701 1524 2069">
    <p class='ocr_par' dir='ltr' id='par_1_2' title="bbox 375 701 1524 2069">
     <span class='ocr_line' id='line_1_2' title="bbox 429 701 1523 784; baseline 0.001 -16"><span class='ocrx_word' id='word_1_7' title='bbox 429 701 520 784; x_wconf 86' lang='lat'>114⁰.</span> <span class='ocrx_word' id='word_1_8' title='bbox 569 701 666 770; x_wconf 88' lang='lat' dir='ltr'>Dum</span> <span class='ocrx_word' id='word_1_9' title='bbox 685 701 814 770; x_wconf 83' lang='lat' dir='ltr'>Missae</span> <span class='ocrx_word' id='word_1_10' title='bbox 832 702 1053 771; x_wconf 89' lang='lat' dir='ltr'>Sacrificium</span> <span class='ocrx_word' id='word_1_11' title='bbox 1072 702 1131 770; x_wconf 92' lang='lat' dir='ltr'>vel</span> <span class='ocrx_word' id='word_1_12' title='bbox 1157 702 1228 770; x_wconf 90' lang='lat' dir='ltr'>alia</span> <span class='ocrx_word' id='word_1_13' title='bbox 1254 701 1379 771; x_wconf 87' lang='lat' dir='ltr'>divina</span> <span class='ocrx_word' id='word_1_14' title='bbox 1405 701 1523 770; x_wconf 88' lang='lat' dir='ltr'>officia</span> 
     </span>
     <span class='ocr_line' id='line_1_3' title="bbox 378 817 1524 898; baseline 0.001 -13"><span class='ocrx_word' id='word_1_15' title='bbox 378 818 614 898; x_wconf 82' lang='lat' dir='ltr'>celebrantur,</span> <span class='ocrx_word' id='word_1_16' title='bbox 651 819 868 886; x_wconf 83' lang='lat' dir='ltr'>mandamus</span> <span class='ocrx_word' id='word_1_17' title='bbox 903 826 945 887; x_wconf 91' lang='lat' dir='ltr'>ut</span> <span class='ocrx_word' id='word_1_18' title='bbox 981 819 1152 887; x_wconf 82' lang='lat' dir='ltr'>candelae</span> <span class='ocrx_word' id='word_1_19' title='bbox 1186 839 1309 886; x_wconf 84' lang='lat' dir='ltr'>cereae</span> <span class='ocrx_word' id='word_1_20' title='bbox 1343 818 1380 886; x_wconf 90' lang='lat' dir='ltr'>in</span> <span class='ocrx_word' id='word_1_21' title='bbox 1417 817 1524 886; x_wconf 88' lang='lat' dir='ltr'>altari</span> 
     </span>
     <span class='ocr_line' id='line_1_4' title="bbox 378 934 1521 1023; baseline -0.001 -21"><span class='ocrx_word' id='word_1_22' title='bbox 378 935 540 1014; x_wconf 82' lang='lat' dir='ltr'>ardeant,</span> <span class='ocrx_word' id='word_1_23' title='bbox 571 955 613 1002; x_wconf 93' lang='lat' dir='ltr'>eo</span> <span class='ocrx_word' id='word_1_24' title='bbox 641 934 770 1002; x_wconf 88' lang='lat' dir='ltr'>saltem</span> <span class='ocrx_word' id='word_1_25' title='bbox 797 955 948 1003; x_wconf 92' lang='lat' dir='ltr'>numero</span> <span class='ocrx_word' id='word_1_26' title='bbox 977 957 1085 1023; x_wconf 90' lang='lat' dir='ltr'>quem</span> <span class='ocrx_word' id='word_1_27' title='bbox 1113 935 1302 1022; x_wconf 90' lang='lat' dir='ltr'>requirunt</span> <span class='ocrx_word' id='word_1_28' title='bbox 1331 934 1521 1002; x_wconf 90' lang='lat' dir='ltr'>Rubricae.</span> 
     </span>
     <span class='ocr_line' id='line_1_5' title="bbox 379 1050 1521 1138; baseline -0.002 -19"><span class='ocrx_word' id='word_1_29' title='bbox 379 1050 557 1119; x_wconf 87' lang='lat' dir='ltr'>Sebaceae</span> <span class='ocrx_word' id='word_1_30' title='bbox 571 1058 694 1119; x_wconf 90' lang='lat' dir='ltr'>tamen</span> <span class='ocrx_word' id='word_1_31' title='bbox 710 1051 768 1118; x_wconf 90' lang='lat' dir='ltr'>vel</span> <span class='ocrx_word' id='word_1_32' title='bbox 784 1051 926 1131; x_wconf 87' lang='lat' dir='ltr'>similes,</span> <span class='ocrx_word' id='word_1_33' title='bbox 943 1052 1102 1120; x_wconf 87' lang='lat' dir='ltr'>maxime</span> <span class='ocrx_word' id='word_1_34' title='bbox 1124 1051 1289 1138; x_wconf 87' lang='lat' dir='ltr'>exposito</span> <span class='ocrx_word' id='word_1_35' title='bbox 1312 1051 1372 1120; x_wconf 84' lang='lat' dir='ltr'>SS.</span> <span class='ocrx_word' id='word_1_36' title='bbox 1398 1050 1521 1120; x_wconf 83' lang='lat' dir='ltr'>Sacra-</span> 
     </span>
     <span class='ocr_line' id='line_1_6' title="bbox 378 1153 1522 1246; baseline -0.002 -10"><span class='ocrx_word' id='word_1_37' title='bbox 378 1174 512 1246; x_wconf 89' lang='lat' dir='ltr'>ment0,</span> <span class='ocrx_word' id='word_1_38' title='bbox 537 1167 736 1246; x_wconf 92' lang='lat' dir='ltr'>hincinde,</span> <span class='ocrx_word' id='word_1_39' title='bbox 761 1153 918 1236; x_wconf 90' lang='lat' dir='ltr'>sednon</span> <span class='ocrx_word' id='word_1_40' title='bbox 941 1168 1037 1236; x_wconf 88' lang='lat' dir='ltr'>inter</span> <span class='ocrx_word' id='word_1_41' title='bbox 1058 1168 1275 1236; x_wconf 91' lang='lat' dir='ltr'>candelabra</span> <span class='ocrx_word' id='word_1_42' title='bbox 1297 1167 1432 1246; x_wconf 83' lang='lat' dir='ltr'>altaris,</span> <span class='ocrx_word' id='word_1_43' title='bbox 1456 1189 1522 1235; x_wconf 93' lang='lat' dir='ltr'>nu·</span> 
     </span>
     <span class='ocr_line' id='line_1_7' title="bbox 378 1283 1520 1370; baseline 0 -19"><span class='ocrx_word' id='word_1_44' title='bbox 378 1303 476 1351; x_wconf 87' lang='lat' dir='ltr'>mero</span> <span class='ocrx_word' id='word_1_45' title='bbox 505 1283 726 1370; x_wconf 91' lang='lat' dir='ltr'>praescripto</span> <span class='ocrx_word' id='word_1_46' title='bbox 755 1283 842 1352; x_wconf 92' lang='lat' dir='ltr'>addi</span> <span class='ocrx_word' id='word_1_47' title='bbox 871 1293 1033 1370; x_wconf 87' lang='lat' dir='ltr'>possunt.</span> <span class='ocrx_word' id='word_1_48' title='bbox 1083 1285 1178 1352; x_wconf 92' lang='lat' dir='ltr'>Usus</span> <span class='ocrx_word' id='word_1_49' title='bbox 1206 1284 1296 1352; x_wconf 86' lang='lat' dir='ltr'>lucis</span> <span class='ocrx_word' id='word_1_50' title='bbox 1325 1283 1520 1362; x_wconf 90' lang='lat' dir='ltr'>electricae‚</span> 
     </span>
     <span class='ocr_line' id='line_1_8' title="bbox 379 1399 1522 1488; baseline 0.002 -22"><span class='ocrx_word' id='word_1_51' title='bbox 379 1399 471 1467; x_wconf 91' lang='lat' dir='ltr'>sicut</span> <span class='ocrx_word' id='word_1_52' title='bbox 496 1400 591 1468; x_wconf 92' lang='lat' dir='ltr'>enim</span> <span class='ocrx_word' id='word_1_53' title='bbox 615 1421 692 1486; x_wconf 85' lang='lat' dir='ltr'>gaz,</span> <span class='ocrx_word' id='word_1_54' title='bbox 719 1400 931 1487; x_wconf 83' lang='lat' dir='ltr'>prohibetur</span> <span class='ocrx_word' id='word_1_55' title='bbox 953 1401 990 1470; x_wconf 92' lang='lat' dir='ltr'>in</span> <span class='ocrx_word' id='word_1_56' title='bbox 1015 1401 1059 1469; x_wconf 92' lang='lat' dir='ltr'>iis</span> <span class='ocrx_word' id='word_1_57' title='bbox 1083 1422 1177 1488; x_wconf 90' lang='lat' dir='ltr'>quae</span> <span class='ocrx_word' id='word_1_58' title='bbox 1200 1401 1378 1469; x_wconf 87' lang='lat' dir='ltr'>rationem</span> <span class='ocrx_word' id='word_1_59' title='bbox 1403 1400 1522 1468; x_wconf 93' lang='lat' dir='ltr'>cultus</span> 
     </span>
     <span class='ocr_line' id='line_1_9' title="bbox 378 1515 1520 1605; baseline 0.003 -22"><span class='ocrx_word' id='word_1_60' title='bbox 378 1515 525 1584; x_wconf 91' lang='lat' dir='ltr'>habent.</span> <span class='ocrx_word' id='word_1_61' title='bbox 580 1516 745 1586; x_wconf 91' lang='lat' dir='ltr'>Vetitum</span> <span class='ocrx_word' id='word_1_62' title='bbox 761 1525 816 1584; x_wconf 89' lang='lat' dir='ltr'>est</span> <span class='ocrx_word' id='word_1_63' title='bbox 835 1517 886 1584; x_wconf 92' lang='lat' dir='ltr'>eis</span> <span class='ocrx_word' id='word_1_64' title='bbox 900 1517 956 1585; x_wconf 91' lang='lat' dir='ltr'>uti</span> <span class='ocrx_word' id='word_1_65' title='bbox 972 1539 1078 1605; x_wconf 91' lang='lat' dir='ltr'>super</span> <span class='ocrx_word' id='word_1_66' title='bbox 1093 1517 1210 1596; x_wconf 92' lang='lat' dir='ltr'>altari,</span> <span class='ocrx_word' id='word_1_67' title='bbox 1224 1517 1335 1586; x_wconf 89' lang='lat' dir='ltr'>etiam</span> <span class='ocrx_word' id='word_1_68' title='bbox 1350 1536 1520 1586; x_wconf 88' lang='lat' dir='ltr'>unacum</span> 
     </span>
     <span class='ocr_line' id='line_1_10' title="bbox 377 1632 1521 1720; baseline 0.002 -21"><span class='ocrx_word' id='word_1_69' title='bbox 377 1632 535 1700; x_wconf 89' lang='lat' dir='ltr'>candelis</span> <span class='ocrx_word' id='word_1_70' title='bbox 563 1633 807 1720; x_wconf 86' lang='lat' dir='ltr'>praescriptis;</span> <span class='ocrx_word' id='word_1_71' title='bbox 834 1634 871 1703; x_wconf 92' lang='lat' dir='ltr'>in</span> <span class='ocrx_word' id='word_1_72' title='bbox 891 1633 970 1702; x_wconf 92' lang='lat' dir='ltr'>aliis</span> <span class='ocrx_word' id='word_1_73' title='bbox 985 1634 1153 1702; x_wconf 88' lang='lat' dir='ltr'>ecclesiae</span> <span class='ocrx_word' id='word_1_74' title='bbox 1167 1634 1255 1701; x_wconf 89' lang='lat' dir='ltr'>locis</span> <span class='ocrx_word' id='word_1_75' title='bbox 1270 1642 1521 1720; x_wconf 86' lang='lat' dir='ltr'>praeterquam</span> 
     </span>
     <span class='ocr_line' id='line_1_11' title="bbox 377 1748 1520 1836; baseline 0 -20"><span class='ocrx_word' id='word_1_76' title='bbox 377 1748 414 1815; x_wconf 92' lang='lat' dir='ltr'>in</span> <span class='ocrx_word' id='word_1_77' title='bbox 434 1757 515 1824; x_wconf 91' lang='lat' dir='ltr'>tota</span> <span class='ocrx_word' id='word_1_78' title='bbox 526 1757 708 1818; x_wconf 89' lang='lat' dir='ltr'>structura</span> <span class='ocrx_word' id='word_1_79' title='bbox 723 1751 847 1818; x_wconf 88' lang='lat' dir='ltr'>altaris</span> <span class='ocrx_word' id='word_1_80' title='bbox 862 1750 1106 1836; x_wconf 91' lang='lat' dir='ltr'>permittimus</span> <span class='ocrx_word' id='word_1_81' title='bbox 1117 1749 1418 1819; x_wconf 91' lang='lat' dir='ltr'>illuminationem</span> <span class='ocrx_word' id='word_1_82' title='bbox 1433 1750 1520 1818; x_wconf 91' lang='lat' dir='ltr'>elec-</span> 
     </span>
     <span class='ocr_line' id='line_1_12' title="bbox 375 1865 1522 1954; baseline 0 -22"><span class='ocrx_word' id='word_1_83' title='bbox 375 1865 515 1944; x_wconf 88' lang='lat' dir='ltr'>tricam,</span> <span class='ocrx_word' id='word_1_84' title='bbox 528 1873 674 1934; x_wconf 90' lang='lat' dir='ltr'>tantum</span> <span class='ocrx_word' id='word_1_85' title='bbox 687 1867 734 1934; x_wconf 90' lang='lat' dir='ltr'>ad</span> <span class='ocrx_word' id='word_1_86' title='bbox 746 1867 914 1934; x_wconf 90' lang='lat' dir='ltr'>tenebras</span> <span class='ocrx_word' id='word_1_87' title='bbox 925 1867 1165 1954; x_wconf 65' lang='lat' dir='ltr'>depellendas</span> <span class='ocrx_word' id='word_1_88' title='bbox 1178 1867 1377 1935; x_wconf 92' lang='lat' dir='ltr'>dummodo</span> <span class='ocrx_word' id='word_1_89' title='bbox 1389 1865 1522 1952; x_wconf 90' lang='lat' dir='ltr'>species</span> 
     </span>
     <span class='ocr_line' id='line_1_13' title="bbox 376 1981 1419 2069; baseline 0 -20"><span class='ocrx_word' id='word_1_90' title='bbox 376 2003 448 2049; x_wconf 91' lang='lat' dir='ltr'>non</span> <span class='ocrx_word' id='word_1_91' title='bbox 475 1981 654 2050; x_wconf 89' lang='lat' dir='ltr'>habeatur</span> <span class='ocrx_word' id='word_1_92' title='bbox 676 1982 875 2051; x_wconf 90' lang='lat' dir='ltr'>theatralis.</span> <span class='ocrx_word' id='word_1_93' title='bbox 927 1983 975 2066; x_wconf 90' lang='lat' dir='ltr'>(S.</span> <span class='ocrx_word' id='word_1_94' title='bbox 995 1982 1033 2052; x_wconf 86' lang='lat' dir='ltr'>C.</span> <span class='ocrx_word' id='word_1_95' title='bbox 1053 1983 1098 2050; x_wconf 92' lang='lat' dir='ltr'>R.</span> <span class='ocrx_word' id='word_1_96' title='bbox 1118 2008 1157 2050; x_wconf 89' lang='lat'>22</span> <span class='ocrx_word' id='word_1_97' title='bbox 1177 1983 1282 2062; x_wconf 70' lang='lat' dir='ltr'>Nov,</span> <span class='ocrx_word' id='word_1_98' title='bbox 1304 1985 1419 2069; x_wconf 86' lang='lat'>1907.)</span> 
     </span>
    </p>
   </div>
   <div class='ocr_carea' id='block_1_3' title="bbox 377 2131 1521 2336">
    <p class='ocr_par' dir='ltr' id='par_1_3' title="bbox 377 2131 1521 2336">
     <span class='ocr_line' id='line_1_14' title="bbox 426 2131 1521 2220; baseline 0 -22"><span class='ocrx_word' id='word_1_99' title='bbox 426 2131 518 2218; x_wconf 82' lang='lat'>115⁰.</span> <span class='ocrx_word' id='word_1_100' title='bbox 566 2131 713 2200; x_wconf 91' lang='lat' dir='ltr'>Iteratis</span> <span class='ocrx_word' id='word_1_101' title='bbox 741 2133 894 2214; x_wconf 79' lang='lat' dir='ltr'>decretis</span> <span class='ocrx_word' id='word_1_102' title='bbox 923 2133 957 2202; x_wconf 85' lang='lat' dir='ltr'>S.</span> <span class='ocrx_word' id='word_1_103' title='bbox 989 2133 1098 2220; x_wconf 87' lang='lat' dir='ltr'>Cong.</span> <span class='ocrx_word' id='word_1_104' title='bbox 1131 2133 1284 2201; x_wconf 92' lang='lat' dir='ltr'>Rituum</span> <span class='ocrx_word' id='word_1_105' title='bbox 1313 2132 1521 2219; x_wconf 86' lang='lat' dir='ltr'>reprobavit</span> 
     </span>
     <span class='ocr_line' id='line_1_15' title="bbox 377 2247 1521 2336; baseline -0.001 -21"><span class='ocrx_word' id='word_1_106' title='bbox 377 2269 482 2316; x_wconf 91' lang='lat' dir='ltr'>usum</span> <span class='ocrx_word' id='word_1_107' title='bbox 504 2247 643 2316; x_wconf 91' lang='lat' dir='ltr'>sedium</span> <span class='ocrx_word' id='word_1_108' title='bbox 664 2249 894 2318; x_wconf 89' lang='lat' dir='ltr'>cameralium</span> <span class='ocrx_word' id='word_1_109' title='bbox 915 2249 994 2318; x_wconf 92' lang='lat' dir='ltr'>loco</span> <span class='ocrx_word' id='word_1_110' title='bbox 1015 2250 1152 2318; x_wconf 88' lang='lat' dir='ltr'>scamni</span> <span class='ocrx_word' id='word_1_111' title='bbox 1174 2271 1239 2336; x_wconf 94' lang='lat' dir='ltr'>pro</span> <span class='ocrx_word' id='word_1_112' title='bbox 1260 2249 1464 2318; x_wconf 88' lang='lat' dir='ltr'>celebrante</span> <span class='ocrx_word' id='word_1_113' title='bbox 1485 2256 1521 2315; x_wconf 90' lang='lat' dir='ltr'>et</span> 
     </span>
    </p>
   </div>
   <div class='ocr_carea' id='block_1_4' title="bbox 240 2363 1520 2453">
    <p class='ocr_par' dir='ltr' id='par_1_4' title="bbox 240 2363 1520 2453">
     <span class='ocr_line' id='line_1_16' title="bbox 240 2363 1520 2453; baseline 0.002 -24"><span class='ocrx_word' id='word_1_114' title='bbox 240 2417 245 2429; x_wconf 86' lang='lat'><em>.</em></span> <span class='ocrx_word' id='word_1_115' title='bbox 377 2363 550 2432; x_wconf 85' lang='lat' dir='ltr'>ministris</span> <span class='ocrx_word' id='word_1_116' title='bbox 584 2365 621 2433; x_wconf 88' lang='lat' dir='ltr'>in</span> <span class='ocrx_word' id='word_1_117' title='bbox 658 2365 768 2434; x_wconf 90' lang='lat' dir='ltr'>Missa</span> <span class='ocrx_word' id='word_1_118' title='bbox 803 2374 840 2433; x_wconf 93' lang='lat' dir='ltr'>et</span> <span class='ocrx_word' id='word_1_119' title='bbox 866 2366 1043 2453; x_wconf 90' lang='lat' dir='ltr'>Vesperis,</span> <span class='ocrx_word' id='word_1_120' title='bbox 1072 2387 1227 2452; x_wconf 88' lang='lat' dir='ltr'>eumque</span> <span class='ocrx_word' id='word_1_121' title='bbox 1263 2365 1520 2433; x_wconf 89' lang='lat' dir='ltr'>eliminandum</span> 
     </span>
    </p>
   </div>
   <div class='ocr_carea' id='block_1_5' title="bbox 378 2481 1121 2569">
    <p class='ocr_par' dir='ltr' id='par_1_5' title="bbox 378 2481 1121 2569">
     <span class='ocr_line' id='line_1_17' title="bbox 378 2481 1121 2569; baseline 0.001 -21"><span class='ocrx_word' id='word_1_122' title='bbox 378 2482 540 2549; x_wconf 92' lang='lat' dir='ltr'>mandat.</span> <span class='ocrx_word' id='word_1_123' title='bbox 632 2481 680 2564; x_wconf 88' lang='lat' dir='ltr'>(S.</span> <span class='ocrx_word' id='word_1_124' title='bbox 699 2481 737 2550; x_wconf 84' lang='lat' dir='ltr'>C.</span> <span class='ocrx_word' id='word_1_125' title='bbox 756 2483 800 2549; x_wconf 92' lang='lat' dir='ltr'>R.</span> <span class='ocrx_word' id='word_1_126' title='bbox 822 2507 863 2564; x_wconf 87' lang='lat'>14</span> <span class='ocrx_word' id='word_1_127' title='bbox 879 2483 984 2551; x_wconf 91' lang='lat' dir='ltr'>Mart.</span> <span class='ocrx_word' id='word_1_128' title='bbox 1006 2485 1121 2569; x_wconf 88' lang='lat'>1908).</span> 
     </span>
    </p>
   </div>
   <div class='ocr_carea' id='block_1_6' title="bbox 375 2630 1521 3532">
    <p class='ocr_par' dir='ltr' id='par_1_6' title="bbox 375 2630 1521 3532">
     <span class='ocr_line' id='line_1_18' title="bbox 426 2630 1520 2717; baseline 0.001 -21"><span class='ocrx_word' id='word_1_129' title='bbox 426 2630 517 2698; x_wconf 89' lang='lat'><strong>116⁰.</strong></span> <span class='ocrx_word' id='word_1_130' title='bbox 565 2630 740 2700; x_wconf 90' lang='lat' dir='ltr'>Volumus</span> <span class='ocrx_word' id='word_1_131' title='bbox 762 2640 804 2700; x_wconf 91' lang='lat' dir='ltr'>ut</span> <span class='ocrx_word' id='word_1_132' title='bbox 827 2633 975 2700; x_wconf 85' lang='lat' dir='ltr'>Festum</span> <span class='ocrx_word' id='word_1_133' title='bbox 999 2633 1192 2700; x_wconf 90' lang='lat' dir='ltr'>Patronale</span> <span class='ocrx_word' id='word_1_134' title='bbox 1213 2633 1381 2700; x_wconf 91' lang='lat' dir='ltr'>ecclesiae</span> <span class='ocrx_word' id='word_1_135' title='bbox 1402 2631 1520 2717; x_wconf 87' lang='lat' dir='ltr'>cujus·</span> 
     </span>
     <span class='ocr_line' id='line_1_19' title="bbox 376 2747 1519 2834; baseline 0.001 -21"><span class='ocrx_word' id='word_1_136' title='bbox 376 2768 541 2834; x_wconf 89' lang='lat' dir='ltr'>cumque,</span> <span class='ocrx_word' id='word_1_137' title='bbox 585 2747 662 2814; x_wconf 91' lang='lat' dir='ltr'>sive</span> <span class='ocrx_word' id='word_1_138' title='bbox 704 2756 942 2827; x_wconf 89' lang='lat' dir='ltr'>consecratae,</span> <span class='ocrx_word' id='word_1_139' title='bbox 988 2749 1064 2816; x_wconf 92' lang='lat' dir='ltr'>sive</span> <span class='ocrx_word' id='word_1_140' title='bbox 1107 2756 1253 2816; x_wconf 90' lang='lat' dir='ltr'>tantum</span> <span class='ocrx_word' id='word_1_141' title='bbox 1297 2747 1519 2824; x_wconf 89' lang='lat' dir='ltr'>benedictae,</span> 
     </span>
     <span class='ocr_line' id='line_1_20' title="bbox 376 2862 1521 2950; baseline 0 -20"><span class='ocrx_word' id='word_1_142' title='bbox 376 2862 571 2950; x_wconf 89' lang='lat' dir='ltr'>quotannis</span> <span class='ocrx_word' id='word_1_143' title='bbox 610 2863 816 2931; x_wconf 89' lang='lat' dir='ltr'>solenmiter</span> <span class='ocrx_word' id='word_1_144' title='bbox 854 2864 1063 2943; x_wconf 90' lang='lat' dir='ltr'>celebretur,</span> <span class='ocrx_word' id='word_1_145' title='bbox 1105 2864 1178 2931; x_wconf 92' lang='lat' dir='ltr'>ritu</span> <span class='ocrx_word' id='word_1_146' title='bbox 1216 2884 1348 2950; x_wconf 88' lang='lat' dir='ltr'>nempe</span> <span class='ocrx_word' id='word_1_147' title='bbox 1386 2863 1521 2949; x_wconf 89' lang='lat' dir='ltr'>duplici</span> 
     </span>
     <span class='ocr_line' id='line_1_21' title="bbox 376 2978 1521 3066; baseline -0.003 -18"><span class='ocrx_word' id='word_1_148' title='bbox 376 2979 513 3066; x_wconf 85' lang='lat' dir='ltr'>primae</span> <span class='ocrx_word' id='word_1_149' title='bbox 549 2979 671 3048; x_wconf 92' lang='lat' dir='ltr'>classis</span> <span class='ocrx_word' id='word_1_150' title='bbox 708 3001 790 3047; x_wconf 92' lang='lat' dir='ltr'>cum</span> <span class='ocrx_word' id='word_1_151' title='bbox 828 2988 970 3059; x_wconf 91' lang='lat' dir='ltr'>octava,</span> <span class='ocrx_word' id='word_1_152' title='bbox 1010 3002 1032 3049; x_wconf 92' lang='lat' dir='ltr'>a</span> <span class='ocrx_word' id='word_1_153' title='bbox 1069 2979 1316 3048; x_wconf 89' lang='lat' dir='ltr'>sacerdotibus</span> <span class='ocrx_word' id='word_1_154' title='bbox 1353 2978 1521 3046; x_wconf 89' lang='lat' dir='ltr'>ecclesiae</span> 
     </span>
     <span class='ocr_line' id='line_1_22' title="bbox 376 3095 1520 3184; baseline 0 -21"><span class='ocrx_word' id='word_1_155' title='bbox 376 3095 577 3183; x_wconf 71' lang='lat' dir='ltr'>adscriptis</span> <span class='ocrx_word' id='word_1_156' title='bbox 607 3104 687 3164; x_wconf 93' lang='lat' dir='ltr'>tum</span> <span class='ocrx_word' id='word_1_157' title='bbox 716 3117 781 3182; x_wconf 93' lang='lat' dir='ltr'>pro</span> <span class='ocrx_word' id='word_1_158' title='bbox 810 3096 929 3175; x_wconf 91' lang='lat' dir='ltr'>Missa,</span> <span class='ocrx_word' id='word_1_159' title='bbox 960 3105 1040 3164; x_wconf 93' lang='lat' dir='ltr'>tum</span> <span class='ocrx_word' id='word_1_160' title='bbox 1069 3118 1134 3184; x_wconf 93' lang='lat' dir='ltr'>pro</span> <span class='ocrx_word' id='word_1_161' title='bbox 1162 3097 1294 3177; x_wconf 89' lang='lat' dir='ltr'>offici0;</span> <span class='ocrx_word' id='word_1_162' title='bbox 1335 3118 1358 3164; x_wconf 93' lang='lat' dir='ltr'>a</span> <span class='ocrx_word' id='word_1_163' title='bbox 1380 3096 1520 3182; x_wconf 91' lang='lat' dir='ltr'>populo</span> 
     </span>
     <span class='ocr_line' id='line_1_23' title="bbox 376 3212 1519 3282; baseline -0.001 -3"><span class='ocrx_word' id='word_1_164' title='bbox 376 3219 499 3280; x_wconf 90' lang='lat' dir='ltr'>autem</span> <span class='ocrx_word' id='word_1_165' title='bbox 520 3213 775 3281; x_wconf 87' lang='lat' dir='ltr'>devotionibus</span> <span class='ocrx_word' id='word_1_166' title='bbox 796 3212 935 3281; x_wconf 86' lang='lat' dir='ltr'>festivis</span> <span class='ocrx_word' id='word_1_167' title='bbox 956 3214 1147 3282; x_wconf 80' lang='lat' dir='ltr'>consuetis</span> <span class='ocrx_word' id='word_1_168' title='bbox 1196 3214 1232 3282; x_wconf 89' lang='lat' dir='ltr'>Si</span> <span class='ocrx_word' id='word_1_169' title='bbox 1253 3213 1381 3282; x_wconf 91' lang='lat' dir='ltr'>melius</span> <span class='ocrx_word' id='word_1_170' title='bbox 1401 3212 1519 3279; x_wconf 93' lang='lat' dir='ltr'>visum</span> 
     </span>
     <span class='ocr_line' id='line_1_24' title="bbox 377 3324 1519 3416; baseline -0.002 -21"><span class='ocrx_word' id='word_1_171' title='bbox 377 3324 495 3408; x_wconf 87' lang='lat' dir='ltr'>fuerit,</span> <span class='ocrx_word' id='word_1_172' title='bbox 529 3329 737 3396; x_wconf 87' lang='lat' dir='ltr'>solenmitas</span> <span class='ocrx_word' id='word_1_173' title='bbox 767 3329 846 3416; x_wconf 92' lang='lat' dir='ltr'>ipsa</span> <span class='ocrx_word' id='word_1_174' title='bbox 878 3330 976 3398; x_wconf 86' lang='lat' dir='ltr'>Festi</span> <span class='ocrx_word' id='word_1_175' title='bbox 1008 3330 1194 3398; x_wconf 84' lang='lat' dir='ltr'>transferri</span> <span class='ocrx_word' id='word_1_176' title='bbox 1224 3337 1346 3416; x_wconf 91' lang='lat' dir='ltr'>potest</span> <span class='ocrx_word' id='word_1_177' title='bbox 1377 3329 1414 3396; x_wconf 90' lang='lat' dir='ltr'>in</span> <span class='ocrx_word' id='word_1_178' title='bbox 1447 3327 1519 3394; x_wconf 95' lang='lat' dir='ltr'>Do-</span> 
     </span>
     <span class='ocr_line' id='line_1_25' title="bbox 375 3442 1517 3532; baseline -0.004 -20"><span class='ocrx_word' id='word_1_179' title='bbox 375 3444 545 3512; x_wconf 89' lang='lat' dir='ltr'>minicam</span> <span class='ocrx_word' id='word_1_180' title='bbox 564 3453 773 3532; x_wconf 88' lang='lat' dir='ltr'>sequentem</span> <span class='ocrx_word' id='word_1_181' title='bbox 792 3446 899 3532; x_wconf 88' lang='lat' dir='ltr'>juxta</span> <span class='ocrx_word' id='word_1_182' title='bbox 918 3446 1096 3514; x_wconf 88' lang='lat' dir='ltr'>Rubricas</span> <span class='ocrx_word' id='word_1_183' title='bbox 1115 3448 1160 3515; x_wconf 93' lang='lat' dir='ltr'>de</span> <span class='ocrx_word' id='word_1_184' title='bbox 1179 3444 1387 3532; x_wconf 85' lang='lat' dir='ltr'>hujusmodi</span> <span class='ocrx_word' id='word_1_185' title='bbox 1406 3442 1517 3510; x_wconf 91' lang='lat' dir='ltr'>festis.</span> 
     </span>
    </p>
   </div>
   <div class='ocr_carea' id='block_1_7' title="bbox 373 3637 1521 4330">
    <p class='ocr_par' dir='ltr' id='par_1_7' title="bbox 373 3637 1521 4330">
     <span class='ocr_line' id='line_1_26' title="bbox 771 3637 1106 3718; baseline 0 -2"><span class='ocrx_word' id='word_1_186' title='bbox 771 3637 976 3718; x_wconf 75' lang='lat' dir='ltr'>rlrutus</span> <span class='ocrx_word' id='word_1_187' title='bbox 998 3647 1106 3717; x_wconf 87' lang='lat' dir='ltr'>Xlll.</span> 
     </span>
     <span class='ocr_line' id='line_1_27' title="bbox 613 3762 1288 3844; baseline 0.004 -14"><span class='ocrx_word' id='word_1_188' title='bbox 613 3762 675 3832; x_wconf 82' lang='lat' dir='ltr'>De</span> <span class='ocrx_word' id='word_1_189' title='bbox 692 3763 968 3835; x_wconf 81' lang='lat' dir='ltr'>Coemeterfls</span> <span class='ocrx_word' id='word_1_190' title='bbox 984 3774 1025 3834; x_wconf 82' lang='lat' dir='ltr'>et</span> <span class='ocrx_word' id='word_1_191' title='bbox 1042 3764 1288 3844; x_wconf 77' lang='lat' dir='ltr'>sepulturis.</span> 
     </span>
     <span class='ocr_line' id='line_1_28' title="bbox 424 3891 1519 3981; baseline 0.002 -23"><span class='ocrx_word' id='word_1_192' title='bbox 424 3892 515 3979; x_wconf 88' lang='lat'>117⁰.</span> <span class='ocrx_word' id='word_1_193' title='bbox 564 3891 669 3978; x_wconf 82' lang='lat' dir='ltr'>Quod</span> <span class='ocrx_word' id='word_1_194' title='bbox 696 3893 938 3980; x_wconf 90' lang='lat' dir='ltr'>antiquissimi</span> <span class='ocrx_word' id='word_1_195' title='bbox 954 3905 1008 3964; x_wconf 91' lang='lat' dir='ltr'>est</span> <span class='ocrx_word' id='word_1_196' title='bbox 1026 3895 1197 3974; x_wconf 90' lang='lat' dir='ltr'>instituti,</span> <span class='ocrx_word' id='word_1_197' title='bbox 1215 3895 1315 3974; x_wconf 92' lang='lat' dir='ltr'>illud,</span> <span class='ocrx_word' id='word_1_198' title='bbox 1339 3901 1519 3981; x_wconf 89' lang='lat' dir='ltr'>quantum</span> 
     </span>
     <span class='ocr_line' id='line_1_29' title="bbox 374 4008 1521 4096; baseline -0.001 -20"><span class='ocrx_word' id='word_1_199' title='bbox 374 4009 450 4076; x_wconf 92' lang='lat' dir='ltr'>fieri</span> <span class='ocrx_word' id='word_1_200' title='bbox 487 4008 631 4096; x_wconf 90' lang='lat' dir='ltr'>poterit,</span> <span class='ocrx_word' id='word_1_201' title='bbox 670 4009 878 4089; x_wconf 91' lang='lat' dir='ltr'>retineatur,</span> <span class='ocrx_word' id='word_1_202' title='bbox 918 4019 960 4078; x_wconf 91' lang='lat' dir='ltr'>ut</span> <span class='ocrx_word' id='word_1_203' title='bbox 997 4011 1117 4090; x_wconf 88' lang='lat' dir='ltr'>Missa,</span> <span class='ocrx_word' id='word_1_204' title='bbox 1153 4018 1341 4096; x_wconf 88' lang='lat' dir='ltr'>praesente</span> <span class='ocrx_word' id='word_1_205' title='bbox 1373 4029 1521 4095; x_wconf 89' lang='lat' dir='ltr'>corpore</span> 
     </span>
     <span class='ocr_line' id='line_1_30' title="bbox 373 4125 1519 4214; baseline -0.002 -20"><span class='ocrx_word' id='word_1_206' title='bbox 373 4125 547 4204; x_wconf 84' lang='lat' dir='ltr'>defuncti,</span> <span class='ocrx_word' id='word_1_207' title='bbox 573 4146 638 4211; x_wconf 89' lang='lat' dir='ltr'>pro</span> <span class='ocrx_word' id='word_1_208' title='bbox 662 4147 704 4193; x_wconf 92' lang='lat' dir='ltr'>eo</span> <span class='ocrx_word' id='word_1_209' title='bbox 728 4127 936 4207; x_wconf 90' lang='lat' dir='ltr'>celebretur,</span> <span class='ocrx_word' id='word_1_210' title='bbox 962 4135 1160 4214; x_wconf 91' lang='lat' dir='ltr'>antequam</span> <span class='ocrx_word' id='word_1_211' title='bbox 1185 4126 1398 4212; x_wconf 88' lang='lat' dir='ltr'>Sepulturae</span> <span class='ocrx_word' id='word_1_212' title='bbox 1421 4125 1519 4192; x_wconf 91' lang='lat' dir='ltr'>trad-</span> 
     </span>
     <span class='ocr_line' id='line_1_31' title="bbox 375 4241 1519 4330; baseline -0.001 -20"><span class='ocrx_word' id='word_1_213' title='bbox 375 4249 468 4311; x_wconf 91' lang='lat' dir='ltr'>atur.</span> <span class='ocrx_word' id='word_1_214' title='bbox 516 4241 604 4310; x_wconf 94' lang='lat' dir='ltr'>Ideo</span> <span class='ocrx_word' id='word_1_215' title='bbox 628 4250 717 4310; x_wconf 87' lang='lat' dir='ltr'>taxa</span> <span class='ocrx_word' id='word_1_216' title='bbox 740 4263 805 4329; x_wconf 94' lang='lat' dir='ltr'>pro</span> <span class='ocrx_word' id='word_1_217' title='bbox 829 4243 938 4314; x_wconf 92' lang='lat' dir='ltr'>Missa</span> <span class='ocrx_word' id='word_1_218' title='bbox 962 4243 1140 4330; x_wconf 87' lang='lat' dir='ltr'>exequiali</span> <span class='ocrx_word' id='word_1_219' title='bbox 1162 4264 1350 4330; x_wconf 91' lang='lat' dir='ltr'>nunquam</span> <span class='ocrx_word' id='word_1_220' title='bbox 1375 4249 1519 4329; x_wconf 88' lang='lat' dir='ltr'>superet</span> 
     </span>
    </p>
   </div>
   <div class='ocr_carea' id='block_1_8' title="bbox 0 0 1786 5208">
    <p class='ocr_par' dir='ltr' id='par_1_8' title="bbox 0 0 1786 5208">
     <span class='ocr_line' id='line_1_32' title="bbox 0 0 1786 5208; baseline 0 1"><span class='ocrx_word' id='word_1_221' title='bbox 0 0 1786 5208; x_wconf 95' lang='lat' dir='ltr'> </span> 
     </span>
    </p>
   </div>
  </div>
 </body>
</html>
