3564 5208
360 515 399 556 22
659 511 706 557 DE
733 509 985 560 SACRAMENTO
1010 508 1198 558 BAPTISMI.

357 705 562 792 corporalis,
580 726 653 791 quo
668 703 789 774 infans
803 726 876 772 non
894 704 1103 791 baptizatus
1118 704 1155 772 in
1172 712 1276 771 utero
1291 703 1509 772 interficitur

358 821 495 889 matris
544 821 697 890 Curetur
719 829 761 888 ut
785 841 920 900 omnes,
953 819 1129 907 imprimis
1160 840 1247 887 vero
1277 819 1437 888 nutrices
1469 831 1505 888 et

358 937 580 1017 obstetrices
595 946 642 1016 et,
656 945 836 1024 quantum
848 937 924 1004 fieri
936 937 1081 1024 poterit,
1094 935 1235 1015 medici,
1248 937 1340 1004 bene
1351 937 1506 1005 calleant

357 1056 507 1122 modum
528 1054 664 1141 privati
686 1053 924 1140 Baptismatis
945 1052 1161 1132 conferendi,
1185 1061 1228 1121 ut
1249 1052 1339 1120 illud
1360 1052 1396 1120 in
1422 1075 1506 1122 casu

356 1170 583 1239 necessitatis
597 1169 850 1239 administrare
865 1169 991 1238 sciant.

404 1352 476 1438 38⁰.
524 1351 689 1438 Singulos
713 1351 885 1419 Rectores
907 1350 1096 1420 hortamur
1118 1360 1159 1418 ut
1184 1351 1337 1419 Fontem
1363 1350 1505 1438 Baptis-

358 1468 490 1536 malem
509 1468 545 1534 in
566 1467 723 1546 ecclesia,
744 1476 848 1536 extra
866 1489 977 1554 quam
997 1469 1194 1537 secundum
1213 1468 1307 1554 leges
1326 1467 1505 1535 ordinarie

357 1584 497 1653 licitum
520 1605 592 1653 non
618 1593 672 1651 est
697 1583 903 1652 solemniter
926 1583 1121 1670 baptizare,
1149 1584 1287 1671 erigant
1312 1583 1437 1651 statim
1462 1605 1505 1651 ac

358 1700 445 1786 ipsis
469 1722 589 1768 coram
615 1701 692 1768 Deo
716 1701 753 1768 id
778 1701 853 1767 fieri
878 1722 981 1786 posse
1006 1700 1198 1768 videbitur.

405 1883 476 1968 39⁰.
525 1883 798 1951 Sacramentum
813 1882 880 1949 hoc
894 1883 1017 1968 nonin
1033 1883 1183 1950 aedibus
1197 1883 1350 1968 privatis
1364 1884 1503 1951 admin-

357 2007 492 2066 stretur
513 1999 583 2066 nisi
605 1998 642 2066 in
678 1999 805 2066 mortis
830 1999 987 2086 periculo
1010 1998 1145 2066 versari
1168 1999 1338 2067 videatur
1364 2000 1503 2085 baptiz-

303 2191 305 2196 ,
358 2116 490 2194 andus;
523 2136 596 2202 quo
615 2115 652 2182 in
674 2137 759 2183 casu
780 2115 945 2202 privatus
965 2124 1112 2183 tantum
1133 2115 1340 2184 conferatur
1362 2116 1504 2202 Baptis-

357 2253 449 2310 mus,
479 2240 515 2299 et
541 2231 779 2317 restringatur
805 2233 852 2300 ad
880 2232 993 2300 solam
1020 2253 1137 2318 aquae
1173 2232 1389 2300 infusionem
1421 2254 1503 2300 curn

356 2347 568 2415 recitatione
591 2348 736 2416 debitae
770 2349 917 2426 tonnae,
939 2357 975 2415 et
999 2370 1059 2416 eos
1082 2349 1173 2416 ritus
1196 2349 1259 2435 qui
1282 2349 1505 2417 ablutionem

358 2464 637 2552 subsequuntur.
686 2465 827 2544 Postea,
854 2473 1016 2532 cessante
1053 2465 1220 2550 periculo
1247 2466 1502 2542 caeremoniae,

358 2602 451 2666 quac
469 2581 505 2648 in
523 2580 712 2668 Baptismo
736 2581 885 2650 solemni
910 2581 1127 2650 infusionem
1152 2604 1270 2669 aquae
1293 2583 1504 2669 praecedere

358 2697 503 2776 debent,
515 2698 583 2765 rite
591 2698 628 2766 in
641 2698 788 2766 ecclesia
798 2697 1044 2784 suppleantur.

404 2879 476 2960 40⁰.
524 2879 579 2948 Sit
603 2900 734 2947 nomen
762 2878 987 2965 baptismale,
1016 2888 1196 2966 quatenus
1222 2879 1297 2946 fieri
1323 2888 1455 2965 potest,
1485 2901 1503 2945 e

357 2995 530 3080 Catalogo
572 2995 797 3064 Sanctorum.
847 2995 995 3074 Patrini,
1040 3016 1194 3082 quorum
1237 3017 1331 3062 unus
1374 2995 1502 3063 saltem

357 3112 481 3178 adesse
501 3112 620 3190 debet,
644 3111 886 3180 adhibeantur
905 3111 1082 3179 Catholici
1102 3111 1226 3198 quales
1259 3110 1419 3179 Ecclesia
1449 3132 1501 3178 re-

359 3226 481 3314 quirit,
500 3227 621 3296 idonei
639 3227 772 3295 scilicet
787 3236 898 3314 atque
914 3249 1064 3313 capaces
1077 3227 1160 3295 huic
1174 3227 1324 3306 muneri,
1337 3227 1400 3296 ubi
1412 3249 1504 3314 opus

359 3343 476 3422 tuerit,
494 3343 746 3412 satisfaciendi.

405 3525 476 3607 41⁰.
525 3525 618 3611 Quia
657 3525 841 3593 exhorruit
881 3525 1040 3593 Ecclesia
1078 3546 1218 3612 semper
1256 3546 1410 3593 errorem
1449 3547 1501 3592 re-

359 3640 634 3728 baptizantium,
663 3641 865 3728 baptismus
889 3631 926 3710 in
953 3641 1090 3710 haeresi
1116 3650 1313 3728 susceptus,
1341 3650 1405 3709 aut
1432 3641 1501 3727 pri-

359 3756 475 3826 vatim
503 3758 688 3827 Catholico
717 3758 754 3826 in
784 3779 869 3826 casu
898 3757 1123 3827 necessitatis
1152 3781 1175 3825 a
1203 3757 1320 3826 laicali
1350 3779 1501 3844 persona

358 3874 520 3953 collatus,
540 3897 613 3943 non
633 3883 767 3945 temere
786 3883 974 3944 censeatur
991 3874 1123 3943 dubius
1142 3882 1206 3942 aut
1225 3873 1416 3952 invalidus,
1438 3875 1500 3941 sed

358 3990 457 4077 prius
477 3991 692 4059 instituatur
713 3991 863 4077 diligens
885 4012 1047 4069 examen,
1072 3999 1109 4058 et
1132 3990 1271 4069 deinde,
1297 3989 1326 4056 si
1348 3989 1499 4057 dubium

357 4107 521 4193 supersit,
547 4107 755 4193 Baptismus
779 4106 903 4174 debito
927 4108 1046 4186 mod0,
1071 4108 1137 4174 sub
1165 4105 1371 4174 conditione
1397 4105 1499 4174 nimi-

356 4245 447 4304 rum,
463 4223 623 4292 iteretur.
