3564 5208
672 1085 1120 1177 consrnurronbs.

647 1283 826 1354 Decreta
849 1283 1145 1354 Prellmlnarla.

373 1475 418 1541 1⁰.
467 1476 621 1544 Decreta
636 1476 875 1546 conciliorum
891 1477 1136 1545 Plenan'orum
1153 1476 1468 1546 Baltimorensium

325 1591 373 1659 II.
411 1600 449 1660 et
482 1590 570 1672 III.;
616 1613 754 1662 necnon
790 1593 1027 1663 Conciliorurn
1064 1592 1342 1662 Provincialium
1377 1592 1469 1661 Neo-

324 1707 604 1777 Eboracensium
636 1708 678 1789 1.,
712 1709 774 1790 11„
809 1719 846 1777 et
878 1709 965 1789 111.;
1009 1709 1294 1778 constitutiones
1324 1730 1469 1796 quoque

324 1824 551 1910 Synodorum
575 1825 875 1894 Dioecesanarum
907 1824 1198 1894 Bostoniensium
1228 1825 1271 1904 I.,
1303 1825 1365 1905 11.‚
1397 1825 1468 1893 III.

323 1948 360 2008 et
376 1941 438 2008 IV.
465 1941 560 2025 (illae
575 1941 711 2010 scilicet
733 1941 1018 2011 Constitutiones
1039 1963 1133 2030 quae
1152 1943 1199 2009 ab
1223 1941 1469 2010 Illustrissimo

325 2057 599 2126 Praedecessore
637 2058 770 2126 Nostro
809 2080 905 2126 anno
948 2062 1034 2126 1886
1075 2058 1325 2145 promulgatae
1366 2065 1463 2146 sunt)

324 2173 542 2259 quibusdam
571 2174 700 2244 harum
726 2175 889 2254 mutatis,
913 2173 1045 2243 iterum
1069 2175 1337 2261 promulgamus
1357 2183 1469 2263 atque

324 2290 370 2357 ab
391 2289 559 2359 omnibus
582 2298 618 2358 et
642 2289 799 2377 singulis
828 2313 980 2378 quorum
1013 2291 1175 2370 interest,
1199 2290 1469 2378 diligentissime

324 2405 458 2474 servari
488 2407 668 2494 jubemus
706 2407 748 2475 iis
780 2416 926 2476 tanturn
958 2407 1117 2494 exceptis
1148 2405 1280 2494 quibus
1311 2407 1468 2494 legitime

322 2523 535 2610 derogatum
555 2523 635 2592 fuit.

371 2707 418 2773 2⁰.
467 2707 547 2792 Quo
577 2707 705 2776 melius
736 2729 821 2775 vero
851 2707 943 2775 istae
973 2707 1067 2793 leges
1097 2709 1335 2780 observentur
1365 2708 1469 2775 enixe

323 2822 511 2891 hortamur
531 2823 742 2892 Sacerdotes
762 2845 886 2892 omnes
906 2823 970 2910 qui
990 2822 1145 2891 Nostrae
1164 2823 1294 2892 ditioni
1314 2825 1468 2892 subsunt

322 2947 363 3006 ut
399 2938 666 3026 praedictorum
701 2941 937 3018 decretorum,
975 2940 1102 3008 saltern
1140 2939 1466 3019 Baltirnorensium,

322 3055 540 3142 exemplaria
563 3058 662 3142 apud
686 3078 724 3124 se
746 3056 916 3135 habeant,
942 3076 1036 3143 quae
1060 3055 1265 3143 frequenter
1288 3079 1361 3125 una
1384 3078 1468 3124 cum

323 3171 431 3256 hujus
460 3171 598 3258 Synodi
627 3170 956 3241 Constitutionibus
985 3172 1180 3259 perlegant.
1241 3172 1467 3242 Meminerint

323 3286 417 3357 enim
467 3287 678 3356 Sacerdotes
722 3287 801 3356 istis
847 3287 882 3356 in
930 3287 1113 3356 codicibus
1158 3288 1333 3356 contineri
1374 3289 1468 3376 leges

323 3403 558 3489 particulares
568 3426 633 3492 pro
642 3403 919 3491 regionenostra
928 3405 1037 3482 latas;
1063 3425 1123 3472 eos
1137 3403 1286 3490 proinde
1298 3403 1334 3472 in
1348 3405 1468 3474 dubiis

322 3519 550 3604 potissimum
568 3520 814 3589 consulendos.
