3564 5208
728 491 1060 542 consrrrvmouas.
1424 491 1464 556 37

323 709 437 777 quum
463 687 559 756 inter
586 687 788 774 praeclaros
808 686 918 773 hujus
942 684 1131 754 Unctionis
1152 685 1302 752 effectus
1330 683 1377 752 sit
1407 683 1469 752 ali-

323 805 470 892 quando
484 805 542 871 vel
558 803 726 872 sanitatis
740 802 935 890 corporalis
949 801 1143 870 restitutio.

370 968 441 1036 88⁰.
491 968 571 1036 Non
599 968 666 1036 erit
692 977 887 1036 contentus
912 969 1029 1035 bonus
1054 966 1228 1036 Sacerdos
1253 988 1296 1033 ea
1322 973 1468 1034 tantum

322 1085 545 1154 infirmorum
569 1083 788 1164 visitatione,
814 1084 851 1152 in
876 1105 950 1170 qua
973 1083 1207 1153 Sacramenta
1230 1082 1380 1161 confert,
1407 1083 1469 1150 scd

325 1201 457 1288 pluries
470 1222 531 1268 eos
544 1200 720 1280 visitabit,
736 1222 819 1268 cum
833 1199 883 1267 eis
897 1199 1027 1278 orabit,
1043 1201 1090 1268 ad
1104 1207 1208 1266 actus
1221 1197 1467 1276 contritionis,

325 1317 436 1396 Fidei,
459 1317 553 1404 Spei,
578 1316 784 1397 charitatis,
809 1324 846 1384 et
869 1314 1134 1384 conformitatis
1156 1335 1239 1383 cum
1269 1314 1468 1382 Voluntate

324 1433 458 1501 Divina
471 1454 594 1502 eorum
607 1433 747 1501 animos
760 1432 946 1512 excitabit,
961 1440 998 1500 et
1012 1430 1131 1499 elicito
1144 1431 1190 1498 ab
1203 1430 1258 1510 iis,
1274 1430 1304 1498 si
1317 1430 1467 1517 possint,

322 1571 420 1626 novo
443 1549 683 1620 Confessionis
707 1558 744 1618 et
769 1547 1004 1618 Contritionis
1028 1555 1124 1626 actu,
1150 1568 1248 1614 nova
1270 1546 1469 1615 identidem

324 1665 551 1734 absolutione
565 1665 727 1734 donabit.

370 1829 442 1915 89⁰.
489 1829 624 1899 Curent
649 1829 826 1916 imprimis
852 1831 1064 1899 Sacerdotes
1089 1852 1135 1897 ne
1162 1851 1227 1896 sua
1252 1828 1470 1915 negligentia

322 1953 552 2032 aegrotantes
577 1945 737 2014 subsidio
762 1947 1077 2014 Sacramentorum
1102 1953 1260 2013 careant.
1309 1943 1469 2030 Quorum

324 2062 353 2128 si
380 2061 444 2149 qui
471 2061 605 2130 luerint
632 2061 669 2130 in
698 2084 763 2130 sua
789 2062 968 2141 missione,
996 2061 1061 2149 qui
1087 2061 1271 2141 diuturn0,
1301 2061 1369 2128 etsi
1395 2081 1468 2128 non

324 2177 449 2246 lethali
468 2180 595 2246 morbo
620 2179 719 2246 dorni
744 2179 964 2258 detinentur,
986 2178 1134 2264 singulis
1154 2177 1296 2264 saepius
1315 2177 1351 2245 in
1374 2198 1470 2245 anno

324 2295 386 2363 sed
410 2302 507 2362 certe
529 2303 692 2382 tempore
717 2294 891 2374 Paschali,
917 2316 1061 2364 omnem
1084 2293 1397 2382 opportunitatem
1423 2295 1469 2361 ad

323 2411 557 2480 Sacramenta
587 2411 814 2499 suscipienda
844 2412 1053 2498 praebeant,
1085 2433 1158 2480 non
1189 2418 1397 2479 recusantes
1426 2409 1470 2477 iis

324 2527 469 2596 Sacram
493 2527 791 2596 Communionem
816 2549 957 2596 summo
981 2549 1088 2596 mane
1111 2527 1294 2596 interdum
1320 2527 1467 2594 deferre.

370 2694 442 2780 90⁰.
490 2693 650 2762 Maxima
686 2695 828 2762 cautela
864 2693 1047 2762 abstineat
1084 2693 1267 2773 Sacerdos,
1305 2701 1471 2779 aegrotos

322 2809 491 2890 invisens,
509 2831 582 2878 non
599 2818 746 2879 tanturn
764 2833 786 2879 a
803 2819 917 2890 reatu,
937 2811 999 2878 sed
1017 2809 1127 2878 etiam
1145 2810 1191 2877 ab
1209 2809 1308 2877 omni
1325 2830 1470 2896 prorsus

322 2925 524 3014 suspicione
550 2926 724 3006 avaritae,
755 2927 784 2994 si
812 2926 1000 2995 consilium
1027 2925 1191 3013 inprimis
1219 2925 1397 3012 porrigere
1425 2927 1471 2993 de

322 3041 557 3129 dispositione
584 3043 838 3130 temporalium
866 3042 935 3129 ipsi
963 3041 1164 3129 contigerit.
1212 3041 1314 3109 Onus
1341 3042 1471 3110 descri-

323 3158 432 3226 bendi
452 3166 500 3238 et,
521 3158 591 3226 nisi
611 3179 676 3244 pro
697 3159 842 3237 clericis
866 3159 1084 3245 exsequendi
1104 3166 1366 3226 testamentum
1387 3180 1470 3225 con-

323 3281 464 3342 stanter
478 3283 628 3342 recuset.

755 3458 960 3529 TITULUS
981 3460 1051 3528 xl.

628 3593 690 3662 De
707 3592 978 3663 Sacramento
994 3594 1177 3664 Ordlnls.

370 3739 441 3824 91⁰.
491 3737 677 3824 Quantum
707 3761 751 3806 ex
780 3761 817 3806 se
846 3748 911 3818 est,
942 3739 1153 3808 Sacerdotes
1180 3741 1335 3826 gratiam
1364 3761 1470 3808 voca-

323 3854 433 3922 tionis
445 3856 492 3922 ad
505 3863 644 3922 statum
658 3855 925 3924 Sacerdotalem
937 3855 974 3924 in
987 3856 1182 3942 juvenibus
1194 3856 1291 3942 aptis
1304 3865 1341 3924 et
1354 3856 1471 3942 dignis

323 3969 472 4039 foveant
498 3979 610 4058 atque
636 3981 885 4059 promoveant.
934 3973 1106 4040 Parentes
1132 3993 1277 4059 quoque
1303 3980 1472 4040 accurate

322 4088 368 4155 de
386 4087 586 4156 Vocatione
605 4087 858 4156 Ecclesiastica
878 4090 1043 4168 doceant,
1065 4111 1111 4156 ne
1131 4091 1178 4156 ad
1199 4089 1314 4156 altare
1332 4087 1471 4174 'indigni

323 4202 499 4272 sistantur
516 4212 580 4272 aut
597 4205 719 4273 vocati
735 4207 781 4274 ab
799 4204 906 4273 altari
922 4213 1146 4274 avertantur.
