3564 5208
715 514 1047 566 cousrnurrones.
1408 517 1451 582 39

355 712 427 800 96⁰.
475 711 691 803 Mandamus
719 720 762 780 ut
791 711 900 782 Missa
929 711 1087 812 Cantata
1115 711 1330 779 habeatur
1320 731 1357 779 m
1388 732 1452 778 un-

308 850 477 918 aquaque
500 827 648 897 ecclesia
672 803 867 916 parochiali
894 803 1056 896 Nostrae
1073 826 1283 895 Dioeceseos
1307 825 1455 912 singulis

310 944 521 1054 Dominicis
526 944 653 1056 diebus
674 953 710 1014 et
716 945 849 1050 Festis
868 946 913 1013 de
926 951 1137 1050 praecepte,
1160 942 1270 1012 etiarn
1290 951 1453 1029 tempore

309 1036 464 1142 aestivo,
476 1038 540 1150 per
535 1029 693 1131 totum
690 1083 837 1130 annum
861 1041 1114 1132 Meminerint
1129 1060 1340 1130 Sacerdotes
1354 1059 1452 1146 quod

308 1178 436 1248 diebus
471 1177 668 1248 Dominicis
703 1186 790 1247 ante
824 1179 918 1246 hanc
953 1177 1099 1248 Missam
1134 1175 1302 1263 Aspersio
1337 1196 1453 1262 aquae

309 1295 520 1375 benedictae
539 1315 603 1382 per
621 1295 862 1363 celebrantem
883 1294 959 1362 fieri
978 1295 1097 1363 debet.

355 1495 427 1584 97⁰.
474 1494 629 1582 Singulis
661 1494 798 1574 diebus,
832 1503 1011 1582 quantum
1044 1494 1120 1562 fieri
1151 1493 1295 1581 poterit,
1330 1488 1507 1637 Sacro-3

309 1621 476 1682 sanctum
492 1611 712 1681 Sacrificium
729 1611 856 1679 offerre
872 1613 1045 1680 studeant
1061 1611 1281 1690 Sacerdotes,
1300 1630 1454 1696 suosque
1471 1643 1504 1725 ι)

308 1731 500 1798 hortentur
532 1736 575 1798 ut
608 1727 776 1796 intersint
804 1726 1009 1796 istiusmodi
1037 1725 1268 1795 celebrationi
1292 1725 1455 1814 quotidie
1473 1728 1499 1821 ξ’

308 1853 373 1914 aut
390 1845 518 1913 saltem
535 1843 572 1913 in
589 1843 706 1912 Festis
724 1843 925 1931 praecipuis
944 1865 1037 1932 quae
1052 1843 1223 1913 dicuntur
1238 1841 1452 1911 devotionis.
1472 1823 1503 1952 ζ

356 2043 428 2130 98⁰.
476 2043 697 2122 Sacerdotes,
720 2043 894 2130 quamdiu
916 2043 1062 2114 Missam
1082 2044 1206 2130 legrmt
1227 2043 1285 2110 vel
1305 2049 1452 2120 canunt,

309 2181 497 2246 nunquam
518 2160 564 2227 ab
585 2159 692 2227 altari
712 2161 944 2239 descendant,
965 2159 1035 2228 nisi
1055 2161 1202 2246 quando
1221 2159 1259 2227 id
1280 2157 1454 2246 praecipit

310 2275 463 2355 rubrica,
480 2283 545 2344 aut
560 2277 608 2344 ad
623 2275 830 2344 concionem
846 2275 1078 2344 adstantibus
1092 2276 1313 2355 habendam;
1339 2274 1454 2343 nullo-

310 2393 419 2460 modo
435 2413 520 2460 vero
537 2394 584 2460 ad
600 2392 844 2479 eleemosynas
861 2415 883 2460 a
899 2392 1064 2461 fidelibus
1080 2393 1266 2480 petendas
1284 2399 1349 2460 aut
1365 2389 1453 2478 quid

311 2509 425 2578 simile
440 2510 693 2596 peragendum.
742 2509 785 2578 In
802 2509 1042 2578 celebratione
1057 2531 1171 2597 aeque
1194 2508 1333 2576 vitetur
1356 2506 1454 2575 festi·

309 2625 411 2694 natio
427 2625 550 2704 nimia,
570 2647 663 2712 quae
681 2624 757 2694 sine
774 2626 944 2694 scandalo
962 2647 1038 2694 esse
1053 2625 1192 2713 nequit,
1212 2633 1249 2693 et
1268 2623 1455 2693 fastidiosa

311 2741 518 2828 prolixitas.-

355 2940 426 3026 990.
475 2940 660 3008 Sacerdoti
689 2941 788 3020 nulli,
822 2941 860 3008 vi
890 2941 1107 3010 facultatum
1137 2941 1356 3028 generalium
1387 2939 1455 3008 sibi

308 3057 579 3125 commissarum
606 3057 833 3126 “celebrandi
857 3056 893 3126 in
919 3079 1148 3146 quocumque
1171 3058 1250 3125 loco
1274 3055 1454 3136 decenti,''

308 3171 392 3240 licet
419 3172 597 3240 celebrare
623 3171 769 3242 Missam
796 3173 832 3240 in
862 3173 1011 3242 aedibus
1038 3173 1190 3261 privatis
1217 3173 1293 3242 sine
1320 3173 1455 3241 Nostra

310 3309 478 3375 expressa
491 3288 647 3356 licentia.

357 3486 449 3554 100⁰.
496 3486 708 3555 Celebrandi
724 3486 830 3556 bisin
847 3489 973 3556 eodem
989 3489 1047 3558 die
1063 3488 1217 3557 facultas
1232 3497 1287 3556 est
1302 3510 1324 3557 a
1341 3488 1454 3557 Nobis
1528 3578 1530 3583 Δ

309 3604 476 3688 petenda,
497 3602 533 3670 in
551 3602 596 3670 iis
614 3610 761 3670 tanturn
780 3603 922 3672 casibus
939 3605 1003 3673 ubi
1014 3627 1101 3674 vera
1113 3605 1237 3674 existit
1247 3604 1451 3683 necessitas,

308 3719 606 3806 connectiturque
618 3739 801 3805 personae,
814 3742 887 3789 non
900 3721 989 3801 1000,
1004 3721 1062 3790 cui
1074 3722 1292 3791 conceditur.
1320 3721 1454 3790 Omnes

308 3835 519 3904 Sacerdotes
540 3835 673 3922 quibus
693 3835 782 3904 haec
804 3836 958 3906 facultas
980 3838 1049 3907 fuit
1071 3859 1249 3918 concessa,
1272 3838 1309 3906 in
1331 3859 1454 3905 mense

306 3951 470 4038 Januarii
490 3951 773 4040 uniuscujusque
792 3953 878 4022 anni
898 3956 944 4023 de
963 3977 1058 4024 nove
1078 3955 1255 4024 rationem
1276 3975 1453 4042 exponere

308 4076 345 4138 et
372 4067 555 4137 licentiam
579 4077 701 4155 petere
724 4078 903 4139 tenentur.
954 4072 1063 4140 Porro
1088 4093 1133 4140 ex
1155 4070 1454 4140 instructionibus

308 4185 342 4254 S.
361 4185 462 4254 Sedis
477 4193 622 4256 constat
639 4185 789 4255 binandi
805 4187 899 4255 hanc
915 4189 1183 4274 permissionem
1200 4196 1289 4257 tunc
1305 4195 1451 4256 tantum
