3564 5208
356 486 397 548 26
476 501 525 549 DE
550 500 794 550 SANCTISSIMO
816 501 1097 553 EUCHARISTIAE
1122 500 1384 550 SACRAMENTO.

353 701 507 780 purgato
538 717 560 762 a
590 693 692 761 micis
722 693 874 763 Ciborio.
923 694 1193 763 Consecrandae
1224 702 1384 762 recentes
1415 695 1498 772 sint,

353 818 390 877 et
402 810 625 879 macularum
638 818 813 896 expertes,
828 832 922 898 quae
939 833 961 878 a
977 810 1079 878 micis
1092 818 1291 897 purgentur
1301 818 1498 898 antequam

351 926 388 993 in
421 926 603 995 Ciborium
635 927 862 1015 mittantur„
890 927 1006 1014 Major
1039 927 1170 995 Hostia
1201 927 1396 1012 separatim
1429 949 1499 996 ser-

353 1051 461 1110 vetur
485 1043 522 1111 in
548 1043 688 1122 lunula;
726 1043 874 1111 minime
901 1065 986 1111 vero
1011 1044 1047 1110 in
1076 1043 1257 1111 Ciborium
1284 1045 1498 1129 deponatur,

353 1159 411 1226 vel
428 1179 572 1246 prorsus
585 1159 705 1245 jaceat
720 1160 867 1228 intecta.

399 1380 416 1445 5
422 1359 470 1446 5⁰.
518 1359 671 1428 Curetur
693 1359 792 1427 omni
815 1360 936 1428 studio
960 1370 1001 1427 ut
1026 1360 1216 1445 purissima
1239 1360 1498 1447 aptissimaque

352 1475 399 1542 sit
435 1475 599 1554 materia,
637 1497 731 1562 quae
768 1478 815 1545 ad
852 1477 912 1544 SS.
952 1476 1201 1544 Eucharistiae
1237 1477 1498 1552 coniectionem

352 1591 554 1660 adhibetur.
604 1593 755 1660 Hostiae
770 1592 843 1661 sint
858 1615 903 1660 ex
919 1593 1030 1660 tritici
1046 1593 1161 1660 farina
1177 1601 1213 1660 et
1229 1615 1325 1680 aqua
1339 1594 1498 1661 naturali

351 1708 546 1776 confectae.
595 1709 744 1776 Summa
783 1717 907 1777 autem
947 1709 1149 1777 sollicitudo
1188 1709 1351 1777 adhiberi
1390 1711 1499 1777 debet
1559 1763 1560 1767 η

352 1832 394 1891 ut
437 1824 562 1892 vinum
604 1833 704 1893 certo
745 1825 940 1912 genuinum
983 1833 1203 1911 procuretur.
1254 1826 1304 1893 Ut
1346 1826 1499 1894 materia

350 1941 557 2009 omnimode
582 1941 682 2008 licita
710 1951 746 2009 et
774 1941 896 2010 valida
923 1932 1149 2020 adhibeatur,
1179 1941 1306 2009 vinum
1334 1943 1380 2009 ab
1408 1942 1496 2028 ipsis

351 2056 437 2124 vitis
461 2057 660 2125 cultoribus
684 2059 741 2126 vel
767 2081 788 2126 a
812 2058 1098 2144 negotiatoribus
1123 2058 1186 2144 qui
1210 2058 1386 2127 Catholici
1411 2067 1496 2126 sunt

350 2181 387 2240 et
420 2174 629 2260 exploratae
663 2175 855 2260 probitatis
890 2183 1119 2261 comparetur
1150 2183 1308 2262 oportet:
1351 2197 1424 2262 qua
1458 2176 1495 2244 in

351 2309 387 2356 re
407 2289 628 2376 singulorum
648 2290 844 2359 Rectorum
864 2291 1083 2360 conscientia
1101 2299 1280 2359 oneratur.

399 2489 468 2574 56⁰.
518 2489 671 2574 Quando
707 2490 858 2557 infirmis
896 2491 1130 2588 sanctissima
1169 2489 1397 2558 Eucharistia
1435 2493 1495 2558 de-

351 2605 466 2672 fertur
494 2627 536 2673 ac
565 2606 792 2674 ministratur
822 2606 1042 2692 praescripta
1072 2606 1229 2674 Ritualis
1259 2606 1425 2685 Romani,
1457 2607 1493 2674 in

350 2729 529 2808 quantum
567 2742 685 2790 rerum
723 2723 1016 2791 circumstantiae
1053 2722 1187 2799 sinunt,
1227 2723 1497 2808 diligentissime

351 2846 548 2906 serventur.
596 2839 805 2907 Sacerdotes
827 2859 1026 2924 nunquam,
1043 2838 1112 2906 nisi
1132 2838 1168 2904 in
1191 2847 1353 2905 extrema
1375 2859 1493 2906 neces-

351 2953 470 3032 sitate,
484 2955 542 3021 vel
557 2955 673 3041 ipsam
690 2955 868 3033 Hostiam,
882 2955 940 3021 vel
953 2976 1019 3022 vas
1031 2975 1171 3022 sacmm
1183 2955 1220 3021 in
1233 2976 1305 3041 quo
1318 2962 1492 3032 servatur,

352 3071 445 3138 stola
476 3069 604 3138 saltem
634 3093 705 3138 non
737 3070 856 3138 induti
886 3079 1094 3138 attrectent.
1159 3070 1313 3156 Quando
1339 3091 1426 3138 vero
1456 3070 1492 3138 in

350 3186 498 3255 ecclesia
521 3186 795 3256 Sanctissimum
820 3210 839 3254 e
864 3187 1097 3254 tabemaculo
1122 3187 1330 3266 extrahunt,
1356 3208 1496 3272 semper

351 3313 451 3370 veste
467 3304 572 3371 talari
588 3303 842 3390 superpelliceo
857 3312 894 3370 et
911 3303 1004 3371 stola
1020 3303 1092 3370 sint
1107 3303 1237 3381 induti,
1252 3313 1288 3370 et
1305 3304 1403 3388 prius
1419 3304 1492 3370 duo

350 3420 387 3485 in
405 3419 511 3487 altari
526 3419 717 3488 luminaria
733 3420 880 3487 accendi
895 3428 1031 3487 curent.

397 3617 467 3702 57⁰.
516 3617 688 3684 Rectores
700 3617 902 3685 animarum
914 3616 1053 3684 nullum
1066 3636 1138 3682 non
1151 3623 1323 3683 moveant
1335 3615 1492 3700 lapidem

351 3755 424 3819 quo
444 3754 568 3801 omnes
587 3733 674 3818 ipsis
694 3733 874 3800 commissi
895 3734 942 3800 ad
964 3740 1196 3818 praeceptum
1216 3731 1369 3799 Annuae
1389 3731 1492 3800 Com-

348 3849 530 3918 munionis
547 3850 764 3916 servandum
783 3849 1021 3916 adducantur.
1071 3849 1145 3915 Nec
1162 3847 1234 3914 illic
1253 3847 1398 3926 sistant;
1430 3849 1492 3915 sed

349 3986 473 4032 omnes
488 3965 742 4035 Christifideles
758 3986 863 4050 saepe
879 3965 926 4032 ad
943 3985 1083 4032 sacrum
1099 3963 1306 4031 convivium
1321 3963 1490 4042 invitent,

349 4081 558 4167 praesertim
575 4081 619 4148 iis
637 4081 753 4148 Pestis
771 4081 908 4158 diebus,
928 4101 1019 4166 quos
1037 4080 1239 4147 solemniori
1257 4101 1340 4147 cum
1358 4100 1492 4165 pompa

350 4197 509 4266 Ecclesia
526 4198 703 4265 celebrare
721 4197 919 4264 consuevit.
