3564 5208
680 540 1012 591 CONSTITUTIONES.
1375 547 1415 605 41

324 731 416 819 105⁰.
463 731 611 818 Absque
630 731 860 801 antecedenti
878 753 1053 800 consensu
1073 733 1131 800 vel
1150 732 1340 812 Ordinarii,
1362 733 1420 800 vel

274 847 428 935 praelati
455 847 635 935 regularis,
667 848 696 916 si
724 849 770 916 de
798 848 951 936 regulari
977 848 1148 917 instituto
1177 856 1316 935 agatur,
1345 870 1418 918 non

275 965 359 1033 licet
384 964 500 1033 facere
525 964 766 1044 fundationes,
794 965 851 1032 vel
876 965 949 1033 ullo
973 966 1083 1033 modo
1108 965 1286 1052 suscipere
1310 985 1419 1033 onera

276 1080 465 1150 Missamm
494 1081 531 1150 in
560 1081 789 1150 indefinitum
819 1089 973 1168 tempus.
1022 1081 1059 1150 Si
1089 1103 1183 1169 quae
1211 1089 1419 1149 contractae

276 1197 409 1266 fuerint
437 1197 646 1285 hujusmodi
673 1197 911 1285 obligationes
938 1197 975 1266 in
1005 1198 1127 1286 aliqua
1156 1198 1313 1278 ecclesia,
1344 1198 1420 1266 sive

275 1314 456 1382 Saeculari
479 1314 554 1382 sive
577 1314 758 1401 Regulari,
784 1316 982 1383 servandus
1005 1323 1060 1383 est
1083 1314 1120 1383 in
1145 1314 1308 1383 sacristia
1330 1314 1420 1383 liber

274 1438 341 1498 aut
356 1431 501 1510 tabella,
518 1431 581 1518 qui
598 1431 644 1499 de
659 1431 827 1499 oneribus
843 1430 1022 1518 impositis
1040 1438 1077 1498 et
1095 1430 1293 1517 acceptatis
1310 1431 1417 1499 fidem

277 1547 396 1615 iaciat.

325 1745 416 1812 106⁰.
464 1745 642 1832 Vesperae
666 1745 722 1812 vel
750 1745 1029 1832 Complatorium
1054 1745 1091 1812 in
1119 1744 1286 1812 omnibus
1311 1745 1419 1812 eccle·

274 1860 336 1929 siis
358 1860 485 1930 diebus
508 1861 705 1930 Dominicis
726 1861 914 1948 Festisque
936 1860 1207 1929 solemnioribus
1230 1869 1316 1928 ante
1338 1860 1421 1928 solis

273 1999 452 2057 occasum,
479 1985 659 2065 quatenus
683 1977 759 2045 fieri
782 1985 914 2064 potest,
942 1978 1190 2056 decantentur,
1217 1985 1328 2064 atque
1352 1978 1420 2045 hae

274 2093 421 2180 quidem
456 2115 644 2181 nunquam
680 2094 903 2162 omittendae
938 2102 1023 2162 sunt
1059 2095 1105 2162 ob
1143 2093 1214 2162 alia
1250 2093 1420 2162 exercitia

275 2209 432 2296 pietatis.
481 2209 617 2296 Quodsi
640 2231 722 2277 rure
750 2209 944 2297 aliquando
976 2210 1080 2297 copia
1108 2231 1180 2278 non
1211 2210 1258 2277 sit
1279 2231 1339 2278 eas
1359 2212 1418 2279 de

273 2325 458 2406 cantandi,
477 2326 665 2395 hortamur
687 2326 897 2395 Sacerdotes
924 2335 967 2395 ut
989 2334 1152 2413 tempore
1175 2325 1421 2413 pomeridiana

276 2464 405 2530 pueros
433 2443 517 2512 fidei
554 2443 760 2513 rudimenta
799 2444 964 2522 doceant,
998 2443 1056 2510 vel
1093 2443 1215 2511 fideles
1251 2443 1421 2512 concione

274 2559 468 2638 instruant,
505 2560 561 2627 vel
595 2559 665 2627 alia
693 2559 840 2646 pietatis
871 2559 1041 2628 exercitia
1068 2559 1104 2627 in
1133 2559 1419 2628 aedificationem

276 2685 461 2763 peragant.

325 2875 416 2962 107⁰.
464 2875 647 2944 Mandatis
664 2875 891 2944 inhaerentes
909 2876 1013 2948 Ssmi.
1034 2876 1078 2943 D.
1100 2875 1143 2942 N.
1193 2875 1247 2942 Pii
1266 2875 1334 2942 ΡΡ.
1356 2875 1416 2952 Χ.,

274 2992 380 3078 cujus
394 2993 488 3079 leges
506 2993 552 3060 de
571 2991 708 3060 Musica
724 2992 843 3071 Sacra,
860 2992 897 3060 in
917 2993 1020 3061 Motu
1037 2991 1185 3078 Proprio
1203 2991 1262 3059 die
1283 3015 1322 3057 22
1346 2990 1379 3058 N
1381 3011 1418 3058 o-

276 3107 443 3188 vembris,
475 3132 559 3195 1903
588 3108 692 3187 latas,
722 3109 890 3177 volumus
916 3110 962 3176 ab
990 3107 1158 3176 omnibus
1185 3107 1231 3175 ad
1258 3107 1417 3175 litteram

275 3225 481 3303 servandas,
505 3244 694 3292 monemus
718 3224 890 3292 Rectores
914 3223 1141 3292 ecclesiarum
1165 3231 1207 3290 ut
1231 3223 1419 3310 invigilent

276 3341 323 3408 ad
352 3340 487 3408 abusus
515 3339 751 3408 eliminandos
780 3340 843 3426 qui
872 3340 908 3408 in
938 3340 1056 3410 Cantu
1087 3339 1337 3407 Ecclesiastico
1366 3339 1418 3407 in·

275 3455 465 3524 valuerint.
514 3456 660 3524 Profani
696 3455 924 3543 potissimum
960 3457 1098 3525 moduli
1144 3456 1252 3524 sacris
1299 3455 1419 3523 Eccle

275 3573 349 3640 siae
366 3573 600 3641 concentibus
621 3593 809 3660 nunquam
833 3594 977 3659 prorsus
999 3573 1278 3640 immisceantur.
1326 3573 1420 3640 Tota

275 3689 414 3757 musica
425 3711 519 3776 quae
531 3689 724 3758 adhibetur
736 3697 862 3757 sancta
879 3698 916 3757 et
932 3689 1169 3757 ecclesiastica
1183 3689 1332 3775 jubetur
1344 3710 1419 3756 esse

277 3814 314 3873 et
337 3827 395 3874 ars
418 3827 513 3874 vera.

326 4004 417 4072 108⁰.
467 4003 567 4090 Quae
598 4025 711 4090 quum
742 4005 846 4072 dotes
876 4005 1111 4074 inveniuntur
1152 4003 1341 4090 praecipue
1381 4003 1417 4070 in

275 4120 394 4189 Cantu
419 4120 647 4207 Gregorian0‚
673 4141 812 4189 necnon
838 4121 875 4190 in
901 4121 1048 4189 classica
1073 4119 1291 4207 poliphonia‚
1318 4119 1419 4186 volu-

276 4257 357 4307 mus
386 4245 428 4306 ut
457 4237 508 4304 illi
536 4237 573 4304 in
606 4235 747 4304 Nostris
776 4237 931 4304 ecclesiis
960 4237 1075 4323 magis
1103 4235 1289 4322 magisque
1318 4234 1419 4302 adhi-
