3564 5208
347 519 388 584 54
498 517 547 566 DE
572 518 808 569 RECTORIBUS
834 517 881 566 Er
905 519 1037 568 EORUM
1058 519 1329 581 ADJUTORIBUS.

342 711 426 796 gulo
449 710 597 796 proinde
619 732 715 779 anno
737 710 949 798 accipiatur,
984 710 1142 798 alioquin
1164 711 1190 778 ii
1212 712 1275 799 qui
1297 713 1485 798 pecuniam

343 825 411 894 sibi
432 827 594 897 debitam
614 827 709 895 infra
730 849 866 897 annum
888 850 911 895 a
932 826 1086 895 termino
1107 849 1181 914 quo
1203 828 1374 896 solvenda
1396 839 1484 908 erat,

343 943 522 1030 percipere
542 943 737 1024 omiserint,
760 953 825 1012 aut
847 945 974 1013 saltem
996 966 1068 1012 non
1090 944 1272 1031 exegerint
1293 966 1357 1031 per
1378 947 1484 1033 scrip-

342 1068 422 1129 turn
455 1062 501 1128 ab
534 1059 724 1129 Ordinario
755 1061 812 1127 vel
845 1061 923 1146 ejus
954 1060 1173 1129 Cancellario
1205 1063 1410 1147 probatum,
1444 1085 1486 1130 eo

341 1176 419 1262 ipso
449 1179 690 1245 censebuntur
719 1177 790 1264 juri
821 1198 886 1244 suo
915 1176 1139 1245 renuntiasse
1169 1187 1205 1246 et
1237 1178 1388 1265 pecunia
1419 1179 1485 1246 sibi

341 1293 465 1361 debita
481 1294 664 1363 ecclesiam
680 1296 841 1362 donasse.

391 1459 480 1545 150⁰.
532 1459 653 1526 Donec
695 1460 798 1528 aliter
840 1461 1033 1528 statuimus
1075 1460 1257 1547 pecuniae,
1301 1461 1485 1528 occasione

341 1575 662 1644 administrationis
705 1577 1017 1646 Sacramentorum
1062 1575 1239 1663 Baptismi
1283 1585 1319 1644 et
1363 1576 1485 1644 Matri-

341 1692 452 1762 monii
491 1700 718 1780 quocumque
758 1693 866 1762 titulo
906 1703 1105 1780 perceptae,
1148 1713 1286 1762 necnon
1327 1701 1364 1760 et
1395 1715 1485 1781 quas

340 1809 461 1876 fideles
486 1809 600 1876 solent
624 1811 751 1878 offerre
775 1820 854 1878 tum
879 1810 915 1877 in
941 1810 1067 1878 diebus
1084 1809 1299 1877 Nativitatis
1316 1809 1485 1877 Paschat·

339 1925 441 2011 isque
466 1933 546 1994 tum
572 1927 638 1993 sub
666 1927 856 1995 Offerton‘o
882 1927 918 1994 in
946 1926 1061 1994 Missis
1087 1947 1322 2012 perannum,
1350 1928 1484 1994 cedunt

340 2041 486 2108 Rectori
507 2041 569 2128 qui
591 2050 711 2112 tamen
735 2065 779 2110 ex
801 2043 860 2122 eis,
884 2052 991 2130 prout
1013 2065 1104 2129 opus
1126 2043 1182 2122 sit,
1206 2042 1242 2109 in
1265 2042 1482 2114 conscientia

339 2157 521 2225 tenebitur
543 2159 672 2228 domus
695 2159 946 2246 presbyteralis
970 2181 1153 2245 expensas,
1172 2159 1282 2228 etiam
1306 2180 1371 2245 pro
1394 2159 1482 2236 luce,

338 2297 434 2357 aqua
458 2283 495 2342 et
517 2274 609 2361 ignis
635 2275 824 2356 alimentis,
854 2277 954 2356 ferre,
984 2285 1020 2343 et
1048 2275 1276 2362 adjutoribus
1303 2276 1375 2343 suis
1402 2297 1483 2342 con-

338 2413 464 2477 gruam
480 2400 669 2477 suppetere
685 2393 994 2461 sustentationem.

388 2557 478 2644 151⁰.
529 2556 644 2624 Enixe
663 2579 748 2625 vero
769 2559 998 2644 prohibemus
1018 2580 1063 2624 ne
1083 2558 1152 2624 alio
1173 2557 1302 2644 quovis
1322 2566 1482 2642 tempore

339 2674 547 2741 Sacerdotes
580 2674 689 2760 hujus
723 2675 931 2742 Dioecesoes
965 2673 1154 2761 pecuniam
1188 2673 1260 2740 ullo
1294 2675 1402 2741 modo
1436 2676 1482 2741 ad

338 2811 440 2858 suam
471 2790 770 2860 sustentationem
800 2791 979 2878 colligant,
1011 2790 1079 2858 nisi
1108 2789 1290 2858 licentiam
1320 2797 1480 2857 nostram

325 2907 436 3027 rprius
456 2927 659 2993 expressam
680 2907 886 2986 habuerint;
920 2907 1041 2974 necin
1063 2915 1248 2993 posterum
1269 2905 1481 2973 tolerabitur

306 3023 434 3122 squod
466 3024 675 3092 Sacerdotes
705 3025 899 3110 adjutores,
924 3023 1108 3092 occasione
1130 3021 1374 3090 translationis
1397 3044 1481 3090 suae

300 3182 306 3207 t
337 3141 383 3206 ab
406 3161 479 3206 una
500 3140 537 3207 in
553 3140 661 3210 aliam
677 3140 891 3220 missionem,
908 3141 1077 3227 pecunias
1092 3163 1114 3208 a
1131 3139 1295 3208 fidelibus
1311 3138 1478 3206 collectas

304 3230 529 3347 Jaccipiant;
573 3257 810 3325 conscientiae
838 3257 1034 3327 Rectorum
1063 3257 1296 3343 omniumque
1326 3277 1479 3342 quorum

302 3354 321 3457 ἶ)
335 3373 484 3440 interest
507 3383 705 3460 gravantur
722 3395 768 3440 ne
785 3375 895 3442 talem
912 3374 1108 3450 collectam,
1128 3371 1241 3439 Nobis
1255 3371 1476 3450 inconsultis,

296 3473 465 3646 {ldehinc
489 3490 563 3557 fieri
587 3491 810 3576 permittant.

344 3646 350 3656 ⁴
385 3655 475 3740 152⁰.
525 3655 647 3723 Sciant
662 3655 833 3723 Rectores
848 3657 894 3722 ad
910 3655 1071 3722 redditus
1086 3654 1253 3722 ecclesiae
1267 3652 1475 3739 praesertim

336 3771 511 3856 pertinere
537 3771 659 3840 omnia
684 3793 776 3858 quae
802 3771 952 3838 veniunt
979 3793 1024 3837 ex
1048 3771 1226 3839 locatione
1252 3789 1477 3838 scamnorum

335 3887 511 3964 ecclesiae,
527 3897 592 3955 aut
606 3910 699 3974 quae
713 3910 777 3974 pro
791 3889 873 3955 sede
887 3889 933 3954 ab
947 3887 1016 3954 illis
1029 3887 1092 3975 qui
1106 3908 1292 3956 scanmum
1306 3908 1377 3952 non
1392 3906 1474 3951 con-

334 4004 472 4071 ducunt
497 4004 751 4090 percipiuntur,
769 4003 843 4073 imo
869 4003 1031 4071 redditus
1047 4027 1069 4071 a
1085 4004 1223 4083 Schola,
1242 4002 1272 4069 si
1287 4003 1475 4078 habeatur,

333 4121 461 4206 legata,
482 4121 704 4200 donationes,
732 4129 769 4188 et
795 4120 1073 4206 subscriptiones
1097 4142 1245 4198 annuae,
1274 4127 1310 4186 et
1336 4126 1477 4184 caetera

333 4235 548 4323 hujusmodi.
614 4236 839 4304 Meminerint
878 4258 1022 4324 quoque
1052 4237 1106 4304 sui
1134 4237 1291 4304 muneris
1321 4255 1396 4302 esse
1424 4231 1477 4299 in-
