3564 5208
670 759 673 766 ¹
730 721 1004 804 INDEX

296 939 476 992 Convocatio
490 939 601 1007 Synodi
640 980 1329 992 .........

296 1057 372 1109 Acta
386 1057 497 1125 Synodi
552 1098 1329 1110 ..........

296 1174 440 1227 Officiales
454 1174 565 1240 Synodi

297 1291 459 1359 Synodales

297 1407 443 1460 Officiales
457 1409 628 1461 Dioecesani

298 1525 499 1592 Promulgatio
514 1525 705 1578 Decretorum
727 1566 1330 1576 ........
1407 1543 1439 1576 10

299 1642 532 1695 Constitutiones
556 1683 1330 1695 ..........
1407 1661 1437 1693 11

299 1760 425 1812 Decreta
440 1760 641 1812 Preliminaria

298 1877 414 1930 Titulus
495 1877 518 1929 I.
560 1877 603 1929 De
617 1877 688 1930 Fide
728 1917 1330 1929 ........

366 1999 371 2018 ¹
480 1996 520 2047 II.
562 1995 605 2047 De
621 1995 762 2048 Doctrina
777 1995 942 2048 Christiana
955 1994 1160 2048 Tradenda.
1240 2036 1245 2047 .
1326 2036 1330 2047 .

356 2115 371 2136 “
464 2112 521 2163 111.
564 2112 606 2163 De
621 2112 688 2163 Zelo
703 2111 876 2163 Animarum
899 2151 1330 2163 ......

356 2233 372 2251 “
471 2229 522 2280 IV.
564 2228 607 2280 De
622 2227 819 2280 Sacramentis
832 2228 861 2279 in
876 2227 987 2280 Genere
1070 2269 1075 2278 .
1155 2269 1160 2278 .
1240 2269 1245 2280 .
1325 2269 1330 2280 .

487 2346 521 2397 V.
563 2344 607 2396 De
622 2345 814 2397 Sacramento
829 2343 974 2411 Baptismi
1070 2385 1075 2396 .
1155 2385 1160 2395 .
1240 2386 1244 2396 .
1325 2385 1330 2396 .

356 2466 372 2486 ‘⁴
471 2462 522 2514 VI.
565 2461 607 2514 De
623 2463 812 2514 Sacramento
827 2461 1063 2514 confirmationis
1155 2503 1160 2513 .
1240 2503 1245 2513 .
1326 2503 1330 2513 .

357 2583 374 2603 “
454 2579 522 2631 VII.
565 2579 608 2630 De
624 2579 816 2631 Sanctissimo
831 2578 1033 2631 Eucharistiae
1049 2579 1237 2631 sacramento
1326 2620 1331 2631 .

357 2701 373 2721 ‘¹
438 2697 523 2749 VIII.
564 2697 607 2748 De
624 2697 815 2749 Sacramento
830 2697 1032 2749 Poenitentiae
1071 2737 1076 2748 .
1156 2737 1161 2748 .
1241 2737 1246 2748 .
1326 2738 1331 2748 .

355 2818 370 2838 “
467 2814 521 2866 IX.
564 2814 607 2866 De
622 2813 809 2866 Matrimonio
899 2855 904 2866 .
985 2855 989 2865 .
1070 2855 1075 2864 .
1154 2829 1159 2838 ·

356 2935 372 2956 ‘⁴
483 2933 520 2983 X.
563 2932 605 2982 De
621 2931 762 2983 Extrema
777 2931 921 2984 Unctione
935 2937 966 2983 et
980 2932 1056 2984 Cura
1070 2931 1256 2984 Infirmorum
1327 2973 1332 2984 .

357 3053 373 3072 ‘¹
467 3049 521 3100 XI.
564 3049 607 3100 De
622 3049 812 3101 Sacramento
827 3047 946 3100 Ordinis
985 3089 1332 3101 .....

358 3169 374 3189 “
451 3166 523 3217 XII.
566 3165 608 3216 De
623 3166 711 3224 Cultu
726 3165 834 3217 Divino

358 3286 373 3306 ‘¹
436 3281 524 3334 XIII.
566 3282 609 3334 De
624 3282 811 3334 Coemeteriis
823 3289 854 3334 et
868 3283 1033 3350 Sepulturis
1072 3323 1077 3334 .
1157 3323 1162 3334 .
1242 3323 1247 3334 .
1328 3324 1333 3334 .

358 3403 373 3423 “
442 3399 524 3451 XIV.
566 3399 609 3451 De
625 3399 762 3451 Ecclesiis
775 3406 805 3452 et
821 3399 910 3452 Bonis
925 3397 1136 3452 Ecclesiasticis
1244 3441 1249 3451 .
1329 3442 1334 3452 .

355 3521 371 3540 “
460 3516 525 3568 XV.
562 3516 606 3567 De
621 3515 692 3568 Vita
702 3523 732 3568 et
747 3515 913 3569 Honestate
928 3515 1104 3569 clericorum
1159 3558 1164 3568 .

358 3637 373 3656 ‘¹
443 3633 524 3685 XVI.
567 3633 610 3684 De
626 3632 801 3684 Rectoribus
815 3641 845 3686 et
860 3633 969 3684 Eorum
985 3632 1181 3699 Adjutoribus
1247 3673 1252 3684 .
1333 3675 1337 3685 .

721 3860 1023 3928 APPENDIX

302 4017 453 4084 Chancery
474 4016 666 4080 Regulations
737 4058 742 4068 .
823 4057 829 4068 .
908 4057 914 4069 .
993 4054 999 4066 .
1079 4058 1084 4072 .
1160 4059 1165 4070 .
1247 4059 1253 4070 .
1328 4060 1333 4070 .
