3564 5208
699 523 1030 572 CONSTITUTIONES.

702 717 908 789 ‘strutus
938 719 1024 787 vll.

374 885 435 954 De
459 884 733 956 sanctissimo
757 884 1045 953 Eucharistiae
1069 884 1354 955 sacramento.

340 1064 410 1151 50⁰.
459 1065 609 1132 Summa
623 1063 670 1132 sit
685 1065 920 1132 Sacerdotum
935 1084 1021 1131 cura
1035 1071 1077 1130 ut
1093 1072 1129 1131 et
1143 1063 1212 1149 ipsi
1226 1064 1438 1133 Venerabile

292 1179 540 1248 Eucharistiae
566 1180 839 1248 Sacramentum
866 1179 964 1246 onmi
991 1179 1191 1248 reverentia
1218 1180 1437 1260 custodiant,

292 1304 461 1376 tractent,
481 1296 745 1374 administrent,
765 1304 802 1363 et
820 1295 855 1362 in
875 1296 1043 1363 omnibus
1060 1296 1247 1375 honorent,
1267 1305 1378 1384 atque
1395 1307 1437 1364 ut

223 1438 226 1443 ·
292 1413 413 1480 fideles
435 1413 524 1481 illud
548 1421 672 1480 sancte
696 1412 903 1498 suscipiant,
929 1411 1107 1498 digneque
1123 1413 1254 1480 colant.

339 1595 409 1681 51⁰.
457 1594 746 1664 Sacratissimum
761 1594 1034 1662 Sacramentum
1054 1601 1258 1660 asservetur
1270 1615 1343 1660 uno
1357 1603 1437 1661 tan-

291 1720 371 1780 tum
399 1712 436 1778 in
465 1712 543 1778 loco
571 1711 831 1796 cujuscumque
859 1709 1035 1777 ecclesiae.
1085 1709 1371 1778 Tabemaculum
1400 1711 1436 1777 in

291 1849 364 1914 quo
383 1835 617 1895 conservatur
635 1825 682 1894 sit
701 1834 785 1894 tuto
804 1827 965 1896 clausum
985 1847 1052 1911 ope
1072 1847 1180 1904 serae,
1202 1825 1306 1911 cujus
1324 1827 1436 1893 clavis

291 1943 337 2011 sit
353 1946 537 2012 deaurata.
585 1943 643 2010 Ad
660 1943 872 2011 evitandum
889 1943 1085 2029 periculum
1102 1941 1292 2028 sacrilegae
1311 1943 1435 2011 effrac-

290 2060 399 2129 tionis
420 2059 644 2129 tabernaculi
666 2067 836 2146 optamus
854 2067 907 2137 ut,
929 2067 1109 2145 quatenus
1131 2058 1207 2126 fieri
1229 2059 1353 2144 possit,
1375 2059 1435 2128 SS.

290 2177 563 2245 Sacramentum
585 2176 621 2242 in
646 2175 800 2244 armario
827 2175 930 2257 (saie)
954 2175 990 2241 in
1014 2175 1093 2260 ipso
1115 2176 1349 2242 tabernaculo
1380 2177 1436 2242 vel

290 2293 418 2360 saltem
448 2293 555 2378 juxta
586 2292 859 2359 tabemaculum
891 2299 1068 2369 extructo
1101 2308 1344 2360 conservetur.

338 2475 408 2562 52⁰.
456 2475 744 2543 Tabemaculum
758 2475 954 2560 pretiosum
970 2475 1016 2541 sit
1031 2482 1067 2542 et
1081 2474 1240 2541 maxime
1253 2483 1433 2552 omatum,

290 2592 389 2659 intus
406 2592 487 2659 velo
504 2592 588 2660 albo
606 2591 716 2658 serico
734 2591 1018 2669 circumtectum,
1039 2599 1143 2657 extra
1161 2611 1246 2658 vero
1264 2611 1434 2676 conope0,

290 2709 394 2794 cujus
418 2709 515 2775 color
534 2717 598 2775 aut
626 2708 729 2775 albus
745 2707 792 2774 sit
808 2716 873 2775 aut
899 2709 1113 2793 respondeat
1139 2706 1255 2773 officio
1280 2706 1360 2784 diei,
1379 2728 1435 2774 co-

290 2833 466 2910 opertum.
516 2824 682 2892 Nitidum
713 2832 875 2890 servetur
909 2832 945 2890 et
977 2825 1023 2890 ab
1059 2823 1157 2891 omni
1189 2823 1259 2890 alia
1285 2843 1322 2890 re
1348 2845 1435 2909 qua-

290 2963 444 3028 cumque
470 2963 636 3009 vacuum.
685 2941 759 3008 Vas
780 2941 919 3018 florum,
938 2941 995 3008 vel
1012 2940 1099 3027 quid
1116 2939 1230 3006 simile
1246 2947 1332 3006 ante
1346 2939 1435 3007 illud

290 3057 376 3142 poni
396 3079 468 3126 non
493 3066 624 3143 potest,
650 3058 712 3124 sed
736 3079 758 3124 a
784 3056 957 3124 lateribus
989 3065 1145 3123 tantum.
1195 3056 1320 3142 Neque
1347 3056 1435 3123 ima-

289 3173 398 3259 gines
415 3195 533 3261 neque
553 3173 724 3260 reliquiae
739 3173 964 3251 Sanctorum,
982 3181 1046 3240 aut
1066 3171 1154 3259 quid
1175 3171 1272 3238 aliud
1295 3181 1437 3256 praeter

290 3289 482 3375 imaginem
498 3289 665 3358 Crucifixi
681 3289 923 3375 superimponi
939 3297 1100 3374 possunt.

337 3470 406 3556 53⁰.
456 3469 583 3538 Coram
637 3470 894 3548 Sacratissim0‚
948 3469 1167 3554 ubicumque
1218 3478 1433 3547 asservatur,

288 3587 428 3672 lampas
459 3609 503 3652 ex
534 3587 611 3653 oleo
642 3587 818 3654 olivarum
849 3586 906 3652 vel
938 3585 1197 3670 compositione
1227 3585 1337 3670 hujus
1367 3586 1435 3652 olei

289 3724 371 3769 cum
396 3724 477 3770 cera
502 3725 612 3788 apum
631 3703 688 3769 vel
714 3703 842 3770 saltem
867 3703 945 3769 oleo
971 3701 1040 3768 alio
1066 3701 1259 3788 vegetabili
1282 3702 1433 3780 nutrita,

288 3819 345 3886 die
360 3827 543 3905 noctuque
557 3819 800 3886 indesinenter
814 3820 943 3886 luceat.
1059 3895 1062 3903 .

335 4000 405 4086 54⁰.
455 4000 657 4067 Particulae
703 4000 988 4084 Sacramentales
1035 3999 1189 4066 Minores
1235 4005 1272 4064 et
1318 3995 1436 4080 Major

289 4116 420 4183 Hostia
447 4117 556 4183 semel
584 4115 620 4183 in
650 4117 889 4194 hebdomada,
919 4116 1027 4201 juxta
1056 4123 1184 4183 votum
1215 4115 1248 4181 S.
1280 4112 1433 4179 Rituum

287 4231 592 4318 Congregationis,
635 4241 864 4310 renoventur,
906 4231 1089 4298 veteribus
1130 4229 1363 4315 consumptis,
1397 4235 1434 4294 et
