3564 5208
688 481 1020 532 CONSTITUTIONES.
1382 488 1424 552 45

282 696 460 744 summam
492 697 514 742 a
546 675 660 743 Nobis
691 675 939 743 constitutam.
989 675 1058 742 Pro
1090 676 1309 762 pauperibus
1340 698 1426 744 vero

280 813 434 878 quorum
456 791 613 860 familiae
632 791 788 878 impares
810 799 894 859 sunt
917 792 1079 859 solvendi
1100 814 1275 878 expensas
1296 792 1426 862 Missae

280 908 475 995 exequialis
505 915 685 987 cantatae,
713 908 802 975 haec
832 907 941 977 Missa
965 908 1034 995 legi
1059 915 1179 995 potest
1205 910 1272 977 sub
1297 909 1424 977 iisdem

278 1023 546 1093 conditionibus
576 1009 708 1111 quibus
738 1024 904 1110 praefata
934 1024 1043 1093 Missa
1073 1046 1156 1093 cum
1191 1033 1302 1094 cantu
1341 1047 1424 1094 con·

278 1141 427 1208 ceditur.
495 1140 644 1208 Prorsus
659 1162 834 1227 pauperes
849 1141 961 1227 gratis
977 1141 1124 1210 omnino
1140 1150 1177 1209 et
1193 1142 1421 1228 sepeliantur.
1479 1166 1481 1172 ·

328 1291 419 1358 118⁰.
468 1291 661 1378 Sepultura
676 1291 925 1370 ecclesiastica,
944 1299 1008 1359 aut
1025 1290 1133 1360 Missa
1148 1292 1185 1360 in
1202 1292 1260 1359 die
1282 1292 1421 1378 deposi-

279 1407 398 1488 tioniS,
424 1430 446 1475 a
468 1407 631 1476 defuncti
649 1407 804 1475 Rectore
821 1408 1024 1494 peragenda
1042 1416 1107 1487 est,
1128 1416 1164 1476 et
1183 1431 1205 1476 a
1221 1409 1321 1476 nullo
1339 1408 1420 1488 ali0,

277 1524 347 1594 nisi
361 1523 563 1593 consentiat
579 1524 723 1602 Rector‚
739 1523 798 1591 vel
813 1545 913 1591 secus
928 1524 1098 1592 decernat
1112 1525 1421 1611 Archiepiscopus

328 1674 419 1760 119⁰.
467 1675 644 1760 Satagant
674 1674 885 1742 Sacerdotes
915 1682 957 1741 ut
988 1696 1011 1742 a
1041 1674 1233 1760 Sepultura
1263 1675 1421 1743 fidelium

278 1799 492 1859 amoveatur
522 1790 639 1860 omnis
671 1811 806 1877 pompa
838 1790 1038 1870 saecularis,
1073 1811 1167 1877 quae
1200 1791 1421 1858 functionem

278 1909 427 1976 dedecet
448 1929 598 1975 sacram.
647 1907 847 1975 Prudenter
869 1915 905 1974 et
928 1907 1088 1974 suaviter
1109 1907 1294 1975 eliminent
1316 1929 1421 1975 usum

278 2024 430 2092 ornandi
457 2023 604 2092 floribus
632 2023 758 2092 funera
785 2023 1049 2103 defunctorum,
1080 2031 1116 2091 et
1143 2024 1329 2103 inducant,
1359 2024 1422 2092 ubi

278 2140 315 2209 id
340 2141 416 2208 fieri
440 2148 571 2226 potest,
598 2139 761 2208 defuncti
786 2139 996 2226 superstites
1020 2148 1062 2207 ut
1088 2149 1337 2227 praeposteras
1362 2162 1421 2207 ex-

278 2278 407 2343 pensas
432 2257 500 2325 hac
525 2256 711 2324 occasione
735 2277 808 2324 non
834 2256 1031 2325 incurrant.
1078 2257 1294 2325 Concionem
1321 2256 1420 2324 fune-

277 2375 377 2441 brem
392 2394 580 2460 nunquam
596 2373 679 2440 licet
696 2373 828 2440 habere
844 2373 930 2459 quin
948 2373 1047 2459 prius
1062 2372 1098 2441 in
1116 2373 1263 2460 singulis
1278 2373 1421 2441 casibus

276 2489 543 2576 Archiepiscopi
578 2488 724 2557 licentia
759 2511 935 2575 expressa,
969 2511 1048 2558 raro
1085 2489 1231 2576 quidem
1271 2491 1420 2558 conced-

277 2608 381 2684 enda,
398 2605 617 2674 obtineatur.

325 2756 417 2823 120⁰.
466 2757 535 2824 Pro
561 2755 770 2842 corporibus
796 2755 955 2824 fidelium
982 2757 1106 2824 debito
1132 2757 1268 2826 honore
1293 2778 1419 2844 repon-

276 2872 377 2941 endis
407 2873 611 2942 habeantur
640 2871 677 2941 in
709 2871 857 2959 singulis
887 2872 1121 2953 districtibus,
1154 2882 1333 2961 quantum
1365 2895 1420 2941 res

277 2989 407 3068 sinant,
439 2988 661 3058 Coemeteria
691 2988 877 3058 Catholica
907 2990 998 3057 bene
1027 2989 1221 3070 custodita,
1253 2991 1422 3059 decenter

277 3113 415 3184 omata,
440 3113 551 3192 atque
572 3105 681 3172 sacris
702 3105 933 3173 caeremoniis
955 3113 992 3172 et
1014 3105 1179 3192 precibus
1199 3114 1418 3174 consecrata.

278 3221 460 3289 Hortandi
480 3229 566 3288 sunt
587 3221 709 3289 fideles
729 3229 772 3288 ut
794 3220 956 3308 quisquis
978 3221 1114 3290 familia
1134 3222 1291 3291 loculum
1314 3244 1419 3290 suum

278 3337 314 3405 in
352 3336 573 3406 Coemeterio
610 3345 748 3404 sartum
786 3346 920 3418 servet;
963 3346 1078 3425 utque
1115 3359 1238 3408 omnes
1276 3339 1419 3408 Coeme-

278 3453 408 3522 terium
443 3453 593 3522 visitent
628 3461 665 3521 et
699 3453 750 3522 ibi
784 3453 943 3540 requiem
978 3453 1189 3542 propinquis
1224 3463 1260 3523 et
1296 3454 1420 3523 amicis

278 3579 478 3656 precentur.

327 3720 418 3786 121⁰.
468 3719 652 3800 Pecuniae,
672 3741 765 3807 quae
782 3742 827 3788 ex
845 3720 1073 3789 Coemeteriis
1090 3720 1311 3802 derivantur,
1329 3745 1421 3790 nun-

278 3858 389 3924 quam
420 3857 648 3924 quocumque
678 3837 745 3904 sub
777 3845 970 3923 praetextu
1001 3859 1099 3932 suas
1116 3837 1232 3906 lacere
1262 3840 1422 3907 audeant

279 3953 450 4022 Rectores
472 3955 534 4022 sed
557 3951 636 4020 illas
658 3955 706 4022 ad
729 3953 951 4022 Coemeteria
973 3956 1160 4034 servanda,
1185 3956 1423 4024 restauranda

274 4077 390 4156 ¹atque
418 4071 581 4138 ornanda
610 4071 828 4156 expendant.
876 4070 1098 4139 coemeteria
1127 4071 1310 4141 enimvero
1340 4072 1422 4139 sub-

279 4193 364 4263 sunt
391 4185 551 4255 dominio
578 4185 772 4272 nequidem
800 4186 996 4272 parochiali
1024 4188 1086 4256 sed
1114 4187 1320 4268 diocesano;
1360 4189 1422 4256 ad-
