3564 5208
705 534 1037 584 consnrurronss.
1401 536 1439 600 ²7

347 731 417 817 58⁰.
466 730 556 809 Imo,
593 731 725 798 crebris
759 730 1068 799 admonitionibus
1101 731 1290 818 multoque
1324 730 1445 798 studio

291 841 422 915 'fideles
441 847 655 915 cohortandi
675 856 760 915 sunt
780 855 823 914 ut
844 848 1059 934 frequenter,
1081 855 1119 915 et
1138 847 1249 915 etiarn
1270 846 1442 934 quotidie,

299 963 588 1032 Sacratissimum
602 963 876 1032 Sacramentum
890 964 1075 1051 recipiant.
1109 951 1346 1032 ¹Meminerint
1361 983 1443 1030 con·

301 1079 438 1147 fessarii
447 1079 639 1159 neminem,
653 1080 716 1168 qui
727 1080 764 1148 in
777 1088 878 1148 statu
893 1079 1031 1167 gratiae
1047 1089 1083 1147 et
1100 1101 1183 1147 cum
1198 1088 1297 1147 recta
1313 1079 1445 1166 piaque

298 1205 422 1264 mente
435 1198 482 1264 ad
497 1195 643 1265 Sacram
658 1195 820 1265 Mensam
835 1197 994 1275 accedat,
1011 1195 1192 1282 prohiberi
1206 1197 1252 1263 ab
1268 1217 1311 1268 ea
1325 1215 1443 1281 posse;

300 1312 462 1399 sciatque
485 1312 657 1381 Sacerdos
694 1313 757 1400 qui
793 1312 970 1400 ejusmodi
1006 1312 1182 1391 fidelibus,
1214 1313 1262 1380 ad
1298 1311 1445 1380 Sacram

299 1429 473 1514 Synaxim
507 1429 639 1515 pluries
671 1428 707 1497 in
742 1429 971 1497 hebdomada
1004 1429 1171 1496 accedere
1204 1428 1443 1515 cupientibus

296 1566 436 1613 moram
461 1545 688 1632 interponere
713 1553 956 1632 praesumeret
981 1567 1018 1612 se
1042 1544 1183 1612 muneri
1208 1566 1273 1612 suo
1297 1543 1444 1612 omnino

297 1664 429 1729 deesse.

201 1932 204 1937 ,
345 1845 414 1930 59⁰.
466 1845 590 1912 Praxis
626 1845 786 1930 piissima
821 1845 999 1912 invisendi
1037 1843 1233 1911 Dominum
1271 1843 1443 1910 Nostrum

296 1961 421 2046 Jesum
446 1960 639 2039 Christum,
666 1960 702 2028 in
730 1961 789 2029 SS.
818 1961 1051 2028 Sacramento
1075 1959 1320 2028 indesinenter
1343 1980 1444 2026 man-

297 2086 429 2155 entem,
460 2099 482 2144 a
510 2076 765 2144 Sacerdotibus
793 2077 970 2154 foveatur,
1000 2075 1237 2162 fidelibusque
1265 2075 1333 2143 sibi
1362 2075 1444 2142 sub-

296 2193 403 2278 jectis
423 2194 534 2260 verbo
555 2202 592 2260 et
614 2193 778 2279 exemplo
798 2193 1080 2261 commendetur.

344 2376 415 2442 60⁰.
463 2376 520 2444 Ad
548 2377 751 2462 augendam
778 2375 1009 2443 devotionem
1037 2397 1120 2462 erga
1146 2375 1206 2444 SS.
1236 2375 1444 2445 Sacramen-

299 2500 389 2570 tum,
421 2494 621 2560 curandum
652 2500 705 2560 est
736 2500 778 2560 ut
808 2491 1004 2578 quotannis
1032 2491 1069 2559 in
1101 2491 1248 2578 singulis
1277 2491 1442 2570 ecclesiis,

297 2609 513 2676 instituatur
545 2593 793 2694 Quadraginta
826 2609 1007 2677 Horarum
1041 2607 1227 2676 Adoratio.
1276 2608 1444 2695 Indulget

299 2724 332 2793 S.
353 2725 462 2793 Sedes
479 2733 521 2793 ut
539 2727 637 2812 apud
654 2746 721 2793 nos
738 2726 783 2793 de
799 2732 907 2792 nocte
924 2723 1198 2794 Sanctissimum
1215 2726 1442 2802 recondatur,

298 2850 334 2908 et
369 2849 412 2909 ut
447 2841 708 2927 processionem
744 2841 912 2909 omittere
942 2840 1059 2919 liceat,
1089 2841 1119 2909 si
1149 2843 1337 2909 commode
1367 2841 1443 2908 fieri

296 2967 464 3044 nequeat,
484 2958 571 3045 quin
590 2967 712 3026 tamen
732 2957 855 3026 fideles
871 2957 1105 3044 indulgentiis
1122 2957 1320 3043 priventur.

700 3164 905 3265 risuros
935 3195 1040 3264 vm.

530 3359 592 3428 De
616 3358 885 3429 sacramento
909 3359 1207 3429 Poenltentlae.

345 3551 416 3618 61⁰.
466 3552 595 3620 Nullus
626 3553 799 3621 Sacerdos
830 3552 898 3620 hac
930 3554 966 3622 in
1001 3553 1162 3621 Dioecesi
1194 3552 1442 3622 Confessiones

297 3669 543 3746 saecularium,
584 3669 777 3755 nequidem
817 3669 1062 3748 Sacerdotum,
1104 3679 1169 3738 aut
1209 3690 1441 3756 personarum

299 3785 531 3870 Regularium
549 3785 662 3852 N'obis
678 3785 916 3864 subditarum,
936 3785 1098 3872 excipere
1115 3794 1322 3872 praesumat
1339 3794 1443 3853 extra

297 3901 425 3968 mortis
443 3901 646 3980 articulum,
667 3901 736 3970 nisi
755 3924 777 3969 a
795 3903 900 3970 nobis
919 3903 1131 3971 facultatem
1150 3903 1299 3982 habeat;
1331 3923 1441 3989 quam

299 4017 510 4086 Sacerdotes
522 4017 728 4087 Saeculares
747 4017 949 4088 dioecesani
965 4018 1146 4106 accipiunt
1164 4020 1233 4087 hoc
1248 4019 1324 4106 ipso
1342 4021 1439 4105 quod
1455 4013 1480 4056 Χ

298 4133 347 4200 eis
363 4155 496 4202 munus
511 4134 657 4221 aliquod
674 4135 927 4221 praecipimus;
951 4135 1012 4203 alii
1025 4157 1108 4202 vero
1135 4136 1211 4203 sive
1234 4136 1439 4204 Saeculares
1462 4060 1484 4201 ἱ

297 4249 372 4316 sive
390 4251 585 4336 Regulares
601 4253 764 4320 eamdem
781 4273 803 4318 a
820 4251 933 4319 Nobis
954 4261 1075 4337 petere
1095 4252 1239 4319 debent.
1287 4251 1441 4337 Oportet

1448 4202 1468 4220 ,Ι
