3564 5208
754 523 1085 573 consrrrurrouas.
1441 531 1479 592 13

337 726 440 804 gant:
471 717 815 790 Indifferentismum
839 717 875 785 in
901 739 938 784 re
955 717 1118 804 religiosa
1134 726 1311 806 tanquam
1329 740 1482 787 errorem

339 833 630 902 exitiosissimum
648 855 677 901 a
700 833 833 920 populo
857 833 954 901 fideli
977 835 1101 904 sedulo
1124 834 1320 921 propellere
1342 843 1484 914 curent;

339 973 361 1018 a
384 950 550 1037 periculis
572 949 767 1036 spiritismi,
796 949 988 1018 “scientiae
1012 950 1264 1030 christianae,’'
1292 960 1329 1019 et
1355 972 1484 1038 cogna—

340 1076 461 1136 torum
479 1087 648 1145 errorum,
670 1066 896 1136 Dominicam
914 1087 1056 1153 gregem
1074 1067 1287 1148 defendant;
1318 1075 1355 1136 et
1373 1089 1483 1154 quam

339 1183 501 1250 maxime.
521 1190 648 1251 contra
672 1183 898 1251 seductiones
923 1183 1095 1250 falsarum
1119 1183 1366 1252 doctrinarum
1391 1206 1485 1271 quae

341 1301 406 1368 sub
441 1299 587 1368 nomine
622 1298 820 1367 Socialismi
855 1307 891 1366 et
927 1299 1153 1369 Anarchismi
1187 1299 1223 1368 in
1259 1300 1336 1369 dies
1370 1300 1485 1387 magis

339 1415 525 1502 magisque
549 1415 702 1502 grassari
727 1414 908 1494 videntur,
936 1415 1058 1483 fideles
1084 1424 1121 1484 et
1148 1416 1357 1503 praesertim
1383 1438 1484 1503 oper-

342 1532 436 1598 arios
451 1531 715 1617 praemuniant.

387 1712 435 1779 6⁰.
485 1713 681 1799 Nunquam
718 1733 790 1780 non
831 1714 1063 1780 recordentur
1100 1714 1310 1782 Sacerdotes
1347 1715 1484 1784 malurn

340 1829 573 1916 praecipuum
603 1836 749 1896 nostrae
779 1828 910 1896 aetatis
941 1850 1017 1896 esse
1047 1829 1207 1916 egregiae
1237 1830 1325 1898 artis
1356 1840 1485 1918 typog-

339 1945 507 2031 raphicae
539 1946 693 2012 abusum
727 1945 957 2024 effrenatum
1002 1954 1114 2034 atque
1147 1967 1291 2026 errores
1326 1947 1390 2034 qui
1422 1949 1484 2015 ab·

341 2070 478 2128 strusas
499 2060 711 2129 auctoritati
734 2069 814 2128 turn
837 2061 1043 2148 reliogiosae
1065 2071 1145 2130 turn
1169 2063 1265 2130 civili
1287 2063 1486 2132 moliuntur

340 2176 499 2256 insidias,
523 2177 686 2263 quotidie
713 2177 831 2264 spargi
859 2177 895 2245 in
923 2178 1032 2256 libris
1058 2179 1190 2258 diariis,
1216 2179 1380 2266 foliisque
1405 2201 1485 2267 pro-

342 2293 445 2362 fanis.
508 2293 647 2361 Fideles
679 2293 829 2379 proinde
861 2315 968 2381 saepe
1004 2294 1234 2382 graviterque
1270 2306 1487 2366 moneantur

342 2418 384 2477 ut
414 2409 499 2478 lolia
527 2409 608 2488 ista,
638 2409 675 2477 in
705 2409 836 2496 quibus
863 2410 1035 2478 neoterici
1063 2432 1197 2480 errores
1225 2413 1283 2479 vel
1310 2413 1487 2500 principia

342 2525 563 2594 Socialistica
590 2525 666 2593 sive
694 2534 818 2612 aperte
846 2537 1121 2614 propugnantur
1148 2527 1224 2596 sive
1251 2531 1407 2598 latenter
1434 2530 1486 2598 in-

343 2642 543 2721 sinuantur,
568 2643 691 2728 procul
715 2664 737 2710 a
760 2664 798 2710 se
820 2642 965 2730 suisque
987 2643 1155 2712 domibus
1177 2654 1334 2725 arceant,
1360 2646 1486 2733 invigi-

341 2759 490 2845 lentque
507 2780 554 2827 ne
573 2758 654 2826 libri
675 2758 778 2827 bonis
798 2759 958 2827 moribus
977 2759 1140 2846 injuriosi
1169 2761 1345 2847 juvenum
1372 2763 1486 2832 mani-

343 2876 410 2942 bus
427 2883 604 2954 terentur;
633 2874 742 2942 libros
759 2875 881 2961 potius
898 2877 1011 2945 bonos
1029 2885 1065 2944 et
1083 2877 1326 2962 ephemerides
1342 2878 1487 2947 Cathol-

343 2991 416 3059 icas
431 3000 555 3060 emant
570 3012 613 3058 ac
628 2990 872 3060 disseminent.

391 3173 437 3260 7⁰.
486 3173 566 3258 Quo
586 3173 724 3241 facilius
742 3176 840 3260 apud
859 3184 1040 3244 nostrates
1058 3177 1127 3244 hoc
1145 3177 1221 3244 fieri
1239 3179 1353 3264 possit
1371 3187 1486 3266 utque

342 3289 518 3376 principia
546 3311 630 3357 vere
658 3289 843 3358 Catholica
871 3300 1075 3378 opportune
1102 3293 1328 3362 illustrentur
1356 3316 1398 3362 ac
1427 3297 1487 3364 de-

342 3406 546 3485 fendantur,
577 3405 818 3474 constitutum
859 3415 913 3475 est
953 3408 1009 3476 uti
1049 3409 1246 3495 ephemeris
1276 3411 1487 3480 dioecesana

343 3521 642 3591 commentarium
661 3521 750 3590 illud
771 3523 1033 3592 hebdomadale
1055 3525 1154 3593 “The
1176 3525 1306 3595 Pilot.”
1354 3527 1488 3597 Omnes

344 3638 454 3724 igitur
475 3638 598 3707 fideles
619 3638 790 3720 hortandi
813 3648 898 3707 sunt
925 3641 989 3709 “ut
1012 3641 1121 3728 hujus
1144 3642 1336 3712 tuitionem
1360 3652 1396 3712 et
1420 3645 1487 3712 dii-

345 3753 521 3822 fusionem
554 3755 803 3823 commentarii
836 3777 901 3842 pro
935 3778 1000 3825 sua
1033 3758 1185 3846 quisque
1218 3759 1393 3854 facultate
1426 3763 1488 3830 ad-

344 3870 518 3956 juvent;’'
565 3869 694 3958 (Epist.
728 3871 782 3938 Pii
811 3872 880 3940 ΡΡ.
914 3873 959 3940 X.
990 3875 1037 3943 ad
1065 3874 1231 3962 Archiep.
1264 3876 1412 3956 Boston‚
1448 3900 1485 3965 17

345 3987 444 4073 Apr,
471 3989 586 4074 1909.)
634 3987 832 4075 Omnisque
853 3990 1025 4058 Sacerdos
1046 3991 1082 4059 in
1105 3992 1324 4061 conscientia
1344 4002 1490 4063 tenetur

347 4103 430 4170 huic
458 4103 557 4190 operi
585 4105 755 4190 praebere
784 4126 965 4174 summurn
995 4128 1060 4192 pro
1089 4128 1193 4193 posse
1221 4109 1489 4196 adjumentum

348 4220 455 4306 quod,
474 4219 504 4287 si
518 4220 599 4306 quis
611 4228 762 4298 recusat,
778 4220 869 4288 sciat
885 4244 959 4290 sese
974 4222 1090 4290 officio
1104 4245 1168 4312 suo
1183 4246 1254 4293 non
1272 4225 1488 4295 satisfacere.
