<?xml version="1.0" encoding="UTF-8"?>
<!DOCTYPE html PUBLIC "-//W3C//DTD XHTML 1.0 Transitional//EN"
    "http://www.w3.org/TR/xhtml1/DTD/xhtml1-transitional.dtd">
<html xmlns="http://www.w3.org/1999/xhtml" xml:lang="en" lang="en">
 <head>
  <title>
</title>
<meta http-equiv="Content-Type" content="text/html;charset=utf-8" />
  <meta name='ocr-system' content='tesseract 3.04.00' />
  <meta name='ocr-capabilities' content='ocr_page ocr_carea ocr_par ocr_line ocrx_word'/>
</head>
<body>
  <div class='ocr_page' id='page_1' title='image "./constitutionesd00ocogoog_0047.png"; bbox 0 0 3564 5208; ppageno 0'>
   <div class='ocr_carea' id='block_1_1' title="bbox 316 461 1074 544">
    <p class='ocr_par' dir='ltr' id='par_1_1' title="bbox 316 461 1074 544">
     <span class='ocr_line' id='line_1_1' title="bbox 316 461 1074 544; baseline -0.001 -18"><span class='ocrx_word' id='word_1_1' title='bbox 316 461 359 544; x_wconf 78' lang='lat'><strong>38</strong></span> <span class='ocrx_word' id='word_1_2' title='bbox 708 476 758 524; x_wconf 77' lang='lat' dir='ltr'><strong>os</strong></span> <span class='ocrx_word' id='word_1_3' title='bbox 783 475 906 526; x_wconf 69' lang='lat' dir='ltr'><strong>curru</strong></span> <span class='ocrx_word' id='word_1_4' title='bbox 930 475 1074 525; x_wconf 74' lang='lat' dir='ltr'><strong>mvnvo.</strong></span> 
     </span>
    </p>
   </div>
   <div class='ocr_carea' id='block_1_2' title="bbox 277 670 1462 1458">
    <p class='ocr_par' dir='ltr' id='par_1_2' title="bbox 277 670 1462 1458">
     <span class='ocr_line' id='line_1_2' title="bbox 360 670 1460 760; baseline 0.003 -21"><span class='ocrx_word' id='word_1_5' title='bbox 360 671 432 760; x_wconf 82' lang='lat'><strong>92⁰.</strong></span> <span class='ocrx_word' id='word_1_6' title='bbox 480 671 657 741; x_wconf 86' lang='lat' dir='ltr'><strong>Fidelium</strong></span> <span class='ocrx_word' id='word_1_7' title='bbox 678 671 840 741; x_wconf 90' lang='lat' dir='ltr'><strong>studium</strong></span> <span class='ocrx_word' id='word_1_8' title='bbox 860 671 1003 758; x_wconf 89' lang='lat' dir='ltr'><strong>saepius</strong></span> <span class='ocrx_word' id='word_1_9' title='bbox 1022 670 1297 740; x_wconf 89' lang='lat' dir='ltr'><strong>hortationibus</strong></span> <span class='ocrx_word' id='word_1_10' title='bbox 1309 675 1460 742; x_wconf 84' lang='lat' dir='ltr'><strong>accend-</strong></span> 
     </span>
     <span class='ocr_line' id='line_1_3' title="bbox 314 786 1459 876; baseline 0 -18"><span class='ocrx_word' id='word_1_11' title='bbox 314 796 380 858; x_wconf 85' lang='lat' dir='ltr'><strong>ant</strong></span> <span class='ocrx_word' id='word_1_12' title='bbox 407 796 451 857; x_wconf 92' lang='lat' dir='ltr'><strong>ut</strong></span> <span class='ocrx_word' id='word_1_13' title='bbox 478 789 723 874; x_wconf 83' lang='lat' dir='ltr'>eleemosynas</span> <span class='ocrx_word' id='word_1_14' title='bbox 749 788 787 856; x_wconf 91' lang='lat' dir='ltr'><strong>in</strong></span> <span class='ocrx_word' id='word_1_15' title='bbox 816 809 908 876; x_wconf 93' lang='lat' dir='ltr'><strong>opus</strong></span> <span class='ocrx_word' id='word_1_16' title='bbox 936 786 1125 856; x_wconf 75' lang='lat' dir='ltr'><strong>seminarii</strong></span> <span class='ocrx_word' id='word_1_17' title='bbox 1152 809 1215 856; x_wconf 90' lang='lat' dir='ltr'><strong>seu</strong></span> <span class='ocrx_word' id='word_1_18' title='bbox 1243 787 1459 858; x_wconf 83' lang='lat' dir='ltr'><strong>clericorum</strong></span> 
     </span>
     <span class='ocr_line' id='line_1_4' title="bbox 313 903 1459 993; baseline 0.001 -19"><span class='ocrx_word' id='word_1_19' title='bbox 313 904 554 974; x_wconf 89' lang='lat' dir='ltr'><strong>institutionis</strong></span> <span class='ocrx_word' id='word_1_20' title='bbox 577 904 772 973; x_wconf 87' lang='lat' dir='ltr'>liberaliter</span> <span class='ocrx_word' id='word_1_21' title='bbox 800 905 999 973; x_wconf 83' lang='lat' dir='ltr'><strong>conferant.</strong></span> <span class='ocrx_word' id='word_1_22' title='bbox 1048 903 1202 990; x_wconf 84' lang='lat' dir='ltr'>Quando</span> <span class='ocrx_word' id='word_1_23' title='bbox 1222 904 1374 974; x_wconf 85' lang='lat' dir='ltr'><strong>collecta</strong></span> <span class='ocrx_word' id='word_1_24' title='bbox 1394 926 1459 993; x_wconf 93' lang='lat' dir='ltr'><strong>pro</strong></span> 
     </span>
     <span class='ocr_line' id='line_1_5' title="bbox 314 1020 1462 1109; baseline -0.003 -17"><span class='ocrx_word' id='word_1_25' title='bbox 314 1021 522 1102; x_wconf 82' lang='lat' dir='ltr'><strong>SeminariO,</strong></span> <span class='ocrx_word' id='word_1_26' title='bbox 557 1022 656 1109; x_wconf 90' lang='lat' dir='ltr'><strong>quod</strong></span> <span class='ocrx_word' id='word_1_27' title='bbox 688 1020 848 1090; x_wconf 85' lang='lat' dir='ltr'><strong>maxime</strong></span> <span class='ocrx_word' id='word_1_28' title='bbox 882 1020 996 1088; x_wconf 91' lang='lat' dir='ltr'><strong>Nobis</strong></span> <span class='ocrx_word' id='word_1_29' title='bbox 1029 1020 1129 1089; x_wconf 89' lang='lat' dir='ltr'><strong>cordi</strong></span> <span class='ocrx_word' id='word_1_30' title='bbox 1162 1029 1228 1102; x_wconf 89' lang='lat' dir='ltr'><strong>est,</strong></span> <span class='ocrx_word' id='word_1_31' title='bbox 1263 1021 1462 1108; x_wconf 89' lang='lat' dir='ltr'><strong>quotarmis</strong></span> 
     </span>
     <span class='ocr_line' id='line_1_6' title="bbox 312 1136 1461 1218; baseline -0.002 -10"><span class='ocrx_word' id='word_1_32' title='bbox 312 1137 494 1218; x_wconf 86' lang='lat' dir='ltr'><strong>indicitur,</strong></span> <span class='ocrx_word' id='word_1_33' title='bbox 519 1137 690 1206; x_wconf 88' lang='lat' dir='ltr'><strong>hortandi</strong></span> <span class='ocrx_word' id='word_1_34' title='bbox 714 1145 800 1206; x_wconf 92' lang='lat' dir='ltr'><strong>sunt</strong></span> <span class='ocrx_word' id='word_1_35' title='bbox 824 1137 947 1206; x_wconf 87' lang='lat' dir='ltr'><strong>fideles</strong></span> <span class='ocrx_word' id='word_1_36' title='bbox 970 1145 1013 1206; x_wconf 94' lang='lat' dir='ltr'><strong>ut</strong></span> <span class='ocrx_word' id='word_1_37' title='bbox 1039 1158 1081 1205; x_wconf 93' lang='lat' dir='ltr'><strong>eo</strong></span> <span class='ocrx_word' id='word_1_38' title='bbox 1104 1136 1276 1206; x_wconf 90' lang='lat' dir='ltr'><strong>libentius</strong></span> <span class='ocrx_word' id='word_1_39' title='bbox 1300 1137 1461 1207; x_wconf 90' lang='lat' dir='ltr'><strong>subsidia</strong></span> 
     </span>
     <span class='ocr_line' id='line_1_7' title="bbox 313 1253 1460 1342; baseline -0.001 -19"><span class='ocrx_word' id='word_1_40' title='bbox 313 1254 532 1342; x_wconf 85' lang='lat' dir='ltr'><strong>elargiantur</strong></span> <span class='ocrx_word' id='word_1_41' title='bbox 558 1253 645 1341; x_wconf 91' lang='lat' dir='ltr'><strong>quia</strong></span> <span class='ocrx_word' id='word_1_42' title='bbox 672 1254 835 1342; x_wconf 81' lang='lat' dir='ltr'><strong>profecto</strong></span> <span class='ocrx_word' id='word_1_43' title='bbox 863 1255 974 1322; x_wconf 91' lang='lat' dir='ltr'><strong>talem</strong></span> <span class='ocrx_word' id='word_1_44' title='bbox 1003 1253 1277 1322; x_wconf 87' lang='lat' dir='ltr'><strong>beneficentiam</strong></span> <span class='ocrx_word' id='word_1_45' title='bbox 1304 1254 1460 1323; x_wconf 90' lang='lat' dir='ltr'><strong>muneri-</strong></span> 
     </span>
     <span class='ocr_line' id='line_1_8' title="bbox 277 1369 980 1458; baseline 0 -22"><span class='ocrx_word' id='word_1_46' title='bbox 277 1413 286 1426; x_wconf 87' lang='lat'><strong>·</strong></span> <span class='ocrx_word' id='word_1_47' title='bbox 316 1372 384 1438; x_wconf 88' lang='lat' dir='ltr'><strong>bus</strong></span> <span class='ocrx_word' id='word_1_48' title='bbox 397 1369 536 1458; x_wconf 86' lang='lat' dir='ltr'><strong>gratiae</strong></span> <span class='ocrx_word' id='word_1_49' title='bbox 551 1391 637 1438; x_wconf 90' lang='lat' dir='ltr'><strong>suae</strong></span> <span class='ocrx_word' id='word_1_50' title='bbox 653 1369 751 1439; x_wconf 90' lang='lat' dir='ltr'><strong>Deus</strong></span> <span class='ocrx_word' id='word_1_51' title='bbox 767 1369 980 1439; x_wconf 82' lang='lat' dir='ltr'><strong>fortunabit.</strong></span> 
     </span>
    </p>
   </div>
   <div class='ocr_carea' id='block_1_3' title="bbox 311 1551 1460 2338">
    <p class='ocr_par' dir='ltr' id='par_1_3' title="bbox 311 1551 1460 2338">
     <span class='ocr_line' id='line_1_9' title="bbox 360 1551 1459 1640; baseline 0.002 -20"><span class='ocrx_word' id='word_1_52' title='bbox 360 1552 431 1640; x_wconf 87' lang='lat'>93⁰.</span> <span class='ocrx_word' id='word_1_53' title='bbox 480 1551 624 1632; x_wconf 90' lang='lat' dir='ltr'><strong>Rector‚</strong></span> <span class='ocrx_word' id='word_1_54' title='bbox 666 1552 703 1621; x_wconf 92' lang='lat' dir='ltr'><strong>in</strong></span> <span class='ocrx_word' id='word_1_55' title='bbox 744 1552 848 1640; x_wconf 89' lang='lat' dir='ltr'><strong>cujus</strong></span> <span class='ocrx_word' id='word_1_56' title='bbox 887 1551 1055 1621; x_wconf 84' lang='lat' dir='ltr'><strong>districtu</strong></span> <span class='ocrx_word' id='word_1_57' title='bbox 1095 1552 1220 1622; x_wconf 84' lang='lat' dir='ltr'><strong>Clerici</strong></span> <span class='ocrx_word' id='word_1_58' title='bbox 1260 1553 1459 1634; x_wconf 87' lang='lat' dir='ltr'><strong>Seminarii,</strong></span> 
     </span>
     <span class='ocr_line' id='line_1_10' title="bbox 314 1667 1460 1758; baseline 0.002 -22"><span class='ocrx_word' id='word_1_59' title='bbox 314 1669 435 1737; x_wconf 91' lang='lat' dir='ltr'><strong>schola</strong></span> <span class='ocrx_word' id='word_1_60' title='bbox 455 1677 621 1749; x_wconf 87' lang='lat' dir='ltr'><strong>vacante,</strong></span> <span class='ocrx_word' id='word_1_61' title='bbox 646 1671 794 1756; x_wconf 85' lang='lat' dir='ltr'><strong>degunt,</strong></span> <span class='ocrx_word' id='word_1_62' title='bbox 819 1677 971 1756; x_wconf 87' lang='lat' dir='ltr'><strong>patema</strong></span> <span class='ocrx_word' id='word_1_63' title='bbox 994 1667 1234 1737; x_wconf 84' lang='lat' dir='ltr'><strong>sollicitudine</strong></span> <span class='ocrx_word' id='word_1_64' title='bbox 1263 1691 1371 1758; x_wconf 88' lang='lat' dir='ltr'><strong>super</strong></span> <span class='ocrx_word' id='word_1_65' title='bbox 1399 1692 1460 1738; x_wconf 89' lang='lat' dir='ltr'><strong>eos</strong></span> 
     </span>
     <span class='ocr_line' id='line_1_11' title="bbox 313 1783 1457 1872; baseline 0.003 -20"><span class='ocrx_word' id='word_1_66' title='bbox 313 1783 486 1871; x_wconf 85' lang='lat' dir='ltr'><strong>invigilet.</strong></span> <span class='ocrx_word' id='word_1_67' title='bbox 535 1784 691 1854; x_wconf 89' lang='lat' dir='ltr'><strong>Eosdem</strong></span> <span class='ocrx_word' id='word_1_68' title='bbox 701 1785 778 1872; x_wconf 85' lang='lat' dir='ltr'><strong>jam</strong></span> <span class='ocrx_word' id='word_1_69' title='bbox 790 1784 1010 1854; x_wconf 87' lang='lat' dir='ltr'><strong>adhibeatin</strong></span> <span class='ocrx_word' id='word_1_70' title='bbox 1023 1785 1201 1853; x_wconf 89' lang='lat' dir='ltr'><strong>tradendo</strong></span> <span class='ocrx_word' id='word_1_71' title='bbox 1212 1785 1371 1872; x_wconf 87' lang='lat' dir='ltr'><strong>puerulis</strong></span> <span class='ocrx_word' id='word_1_72' title='bbox 1382 1795 1457 1855; x_wconf 89' lang='lat' dir='ltr'><strong>cat-</strong></span> 
     </span>
     <span class='ocr_line' id='line_1_12' title="bbox 312 1900 1456 1990; baseline 0.002 -21"><span class='ocrx_word' id='word_1_73' title='bbox 312 1900 480 1981; x_wconf 88' lang='lat' dir='ltr'><strong>echism0,</strong></span> <span class='ocrx_word' id='word_1_74' title='bbox 502 1901 539 1970; x_wconf 91' lang='lat' dir='ltr'><strong>in</strong></span> <span class='ocrx_word' id='word_1_75' title='bbox 562 1901 661 1969; x_wconf 91' lang='lat' dir='ltr'><strong>chori</strong></span> <span class='ocrx_word' id='word_1_76' title='bbox 683 1901 808 1970; x_wconf 90' lang='lat' dir='ltr'><strong>officiis</strong></span> <span class='ocrx_word' id='word_1_77' title='bbox 835 1901 1072 1980; x_wconf 71' lang='lat' dir='ltr'><strong>inserviendo</strong></span> <span class='ocrx_word' id='word_1_78' title='bbox 1103 1900 1139 1969; x_wconf 90' lang='lat' dir='ltr'><strong>in</strong></span> <span class='ocrx_word' id='word_1_79' title='bbox 1169 1900 1392 1990; x_wconf 87' lang='lat' dir='ltr'><strong>caeterisque</strong></span> <span class='ocrx_word' id='word_1_80' title='bbox 1418 1903 1456 1971; x_wconf 95' lang='lat' dir='ltr'><strong>id</strong></span> 
     </span>
     <span class='ocr_line' id='line_1_13' title="bbox 311 2016 1455 2104; baseline 0.002 -19"><span class='ocrx_word' id='word_1_81' title='bbox 311 2016 449 2104; x_wconf 83' lang='lat' dir='ltr'><strong>generis</strong></span> <span class='ocrx_word' id='word_1_82' title='bbox 482 2016 690 2088; x_wconf 89' lang='lat' dir='ltr'><strong>ministeriis</strong></span> <span class='ocrx_word' id='word_1_83' title='bbox 724 2017 981 2086; x_wconf 88' lang='lat' dir='ltr'><strong>ecclesiasticis.</strong></span> <span class='ocrx_word' id='word_1_84' title='bbox 1029 2016 1158 2086; x_wconf 82' lang='lat' dir='ltr'><strong>Finitis</strong></span> <span class='ocrx_word' id='word_1_85' title='bbox 1192 2017 1455 2098; x_wconf 89' lang='lat' dir='ltr'><strong>vacationibus,</strong></span> 
     </span>
     <span class='ocr_line' id='line_1_14' title="bbox 312 2133 1458 2204; baseline 0.002 -2"><span class='ocrx_word' id='word_1_86' title='bbox 312 2133 520 2202; x_wconf 89' lang='lat' dir='ltr'><strong>testimonia</strong></span> <span class='ocrx_word' id='word_1_87' title='bbox 545 2133 645 2202; x_wconf 90' lang='lat' dir='ltr'><strong>vitae</strong></span> <span class='ocrx_word' id='word_1_88' title='bbox 669 2133 764 2203; x_wconf 79' lang='lat' dir='ltr'><strong>infra</strong></span> <span class='ocrx_word' id='word_1_89' title='bbox 790 2133 896 2202; x_wconf 85' lang='lat' dir='ltr'><strong>ferias</strong></span> <span class='ocrx_word' id='word_1_90' title='bbox 922 2143 959 2202; x_wconf 89' lang='lat' dir='ltr'><strong>et</strong></span> <span class='ocrx_word' id='word_1_91' title='bbox 984 2155 1127 2202; x_wconf 90' lang='lat' dir='ltr'><strong>morum</strong></span> <span class='ocrx_word' id='word_1_92' title='bbox 1152 2155 1274 2202; x_wconf 91' lang='lat' dir='ltr'><strong>coram</strong></span> <span class='ocrx_word' id='word_1_93' title='bbox 1301 2134 1458 2204; x_wconf 90' lang='lat' dir='ltr'><strong>Domino</strong></span> 
     </span>
     <span class='ocr_line' id='line_1_15' title="bbox 312 2249 1455 2338; baseline 0 -20"><span class='ocrx_word' id='word_1_94' title='bbox 312 2249 457 2330; x_wconf 83' lang='lat' dir='ltr'><strong>scribat,</strong></span> <span class='ocrx_word' id='word_1_95' title='bbox 470 2271 584 2338; x_wconf 88' lang='lat' dir='ltr'><strong>eaque</strong></span> <span class='ocrx_word' id='word_1_96' title='bbox 595 2252 642 2320; x_wconf 91' lang='lat' dir='ltr'><strong>ad</strong></span> <span class='ocrx_word' id='word_1_97' title='bbox 654 2251 872 2338; x_wconf 88' lang='lat' dir='ltr'><strong>superiorem</strong></span> <span class='ocrx_word' id='word_1_98' title='bbox 884 2250 1072 2320; x_wconf 89' lang='lat' dir='ltr'><strong>Seminarii</strong></span> <span class='ocrx_word' id='word_1_99' title='bbox 1083 2251 1205 2319; x_wconf 90' lang='lat' dir='ltr'><strong>clausa</strong></span> <span class='ocrx_word' id='word_1_100' title='bbox 1216 2250 1455 2320; x_wconf 90' lang='lat' dir='ltr'><strong>transmittat.</strong></span> 
     </span>
    </p>
   </div>
   <div class='ocr_carea' id='block_1_4' title="bbox 679 2515 1091 2772">
    <p class='ocr_par' dir='ltr' id='par_1_4' title="bbox 679 2515 1091 2772">
     <span class='ocr_line' id='line_1_16' title="bbox 726 2515 1041 2587; baseline 0.006 -3"><span class='ocrx_word' id='word_1_101' title='bbox 726 2515 932 2587; x_wconf 83' lang='lat' dir='ltr'>TITULUS</span> <span class='ocrx_word' id='word_1_102' title='bbox 953 2517 1041 2586; x_wconf 84' lang='lat' dir='ltr'><strong>xll.</strong></span> 
     </span>
     <span class='ocr_line' id='line_1_17' title="bbox 679 2681 1091 2772; baseline -0.002 -22"><span class='ocrx_word' id='word_1_103' title='bbox 679 2681 741 2750; x_wconf 83' lang='lat' dir='ltr'><strong>De</strong></span> <span class='ocrx_word' id='word_1_104' title='bbox 772 2682 896 2753; x_wconf 79' lang='lat' dir='ltr'><strong>Cultu</strong></span> <span class='ocrx_word' id='word_1_105' title='bbox 925 2682 1091 2772; x_wconf 73' lang='lat' dir='ltr'><strong>Divino.</strong></span> 
     </span>
    </p>
   </div>
   <div class='ocr_carea' id='block_1_5' title="bbox 311 2821 1460 3726">
    <p class='ocr_par' dir='ltr' id='par_1_5' title="bbox 311 2821 1460 3726">
     <span class='ocr_line' id='line_1_18' title="bbox 360 2821 1457 2930; baseline 0 -20"><span class='ocrx_word' id='word_1_106' title='bbox 360 2843 432 2930; x_wconf 86' lang='lat'><strong>94⁰.</strong></span> <span class='ocrx_word' id='word_1_107' title='bbox 480 2842 589 2911; x_wconf 90' lang='lat' dir='ltr'><strong>Omni</strong></span> <span class='ocrx_word' id='word_1_108' title='bbox 608 2843 729 2911; x_wconf 91' lang='lat' dir='ltr'><strong>studio</strong></span> <span class='ocrx_word' id='word_1_109' title='bbox 749 2851 875 2911; x_wconf 89' lang='lat' dir='ltr'><strong>curent</strong></span> <span class='ocrx_word' id='word_1_110' title='bbox 896 2843 1068 2910; x_wconf 87' lang='lat' dir='ltr'><strong>Rectores</strong></span> <span class='ocrx_word' id='word_1_111' title='bbox 1087 2851 1129 2910; x_wconf 93' lang='lat' dir='ltr'><strong>ut</strong></span> <span class='ocrx_word' id='word_1_112' title='bbox 1149 2821 1401 2912; x_wconf 75' lang='lat' dir='ltr'><strong>caeremoniae</strong></span> <span class='ocrx_word' id='word_1_113' title='bbox 1420 2853 1457 2910; x_wconf 94' lang='lat' dir='ltr'><strong>et</strong></span> 
     </span>
     <span class='ocr_line' id='line_1_19' title="bbox 314 2957 1457 3046; baseline 0 -19"><span class='ocrx_word' id='word_1_114' title='bbox 314 2959 441 3027; x_wconf 89' lang='lat' dir='ltr'><strong>Officia</strong></span> <span class='ocrx_word' id='word_1_115' title='bbox 465 2981 508 3028; x_wconf 90' lang='lat' dir='ltr'><strong>ea</strong></span> <span class='ocrx_word' id='word_1_116' title='bbox 533 2981 667 3046; x_wconf 87' lang='lat' dir='ltr'><strong>pompa</strong></span> <span class='ocrx_word' id='word_1_117' title='bbox 692 2967 729 3028; x_wconf 90' lang='lat' dir='ltr'><strong>et</strong></span> <span class='ocrx_word' id='word_1_118' title='bbox 754 2957 932 3045; x_wconf 84' lang='lat' dir='ltr'><strong>dignitate</strong></span> <span class='ocrx_word' id='word_1_119' title='bbox 957 2960 1165 3045; x_wconf 85' lang='lat' dir='ltr'><strong>procedant,</strong></span> <span class='ocrx_word' id='word_1_120' title='bbox 1192 2980 1286 3046; x_wconf 92' lang='lat' dir='ltr'><strong>quae</strong></span> <span class='ocrx_word' id='word_1_121' title='bbox 1310 2959 1457 3041; x_wconf 85' lang='lat' dir='ltr'><strong>Cultum</strong></span> 
     </span>
     <span class='ocr_line' id='line_1_20' title="bbox 313 3074 1458 3162; baseline 0 -18"><span class='ocrx_word' id='word_1_122' title='bbox 313 3077 417 3144; x_wconf 88' lang='lat' dir='ltr'><strong>decet</strong></span> <span class='ocrx_word' id='word_1_123' title='bbox 443 3075 627 3154; x_wconf 88' lang='lat' dir='ltr'><strong>Divinum,</strong></span> <span class='ocrx_word' id='word_1_124' title='bbox 655 3083 691 3143; x_wconf 93' lang='lat' dir='ltr'><strong>et</strong></span> <span class='ocrx_word' id='word_1_125' title='bbox 717 3074 942 3144; x_wconf 83' lang='lat' dir='ltr'><strong>adstantium</strong></span> <span class='ocrx_word' id='word_1_126' title='bbox 967 3083 1107 3143; x_wconf 85' lang='lat' dir='ltr'><strong>mentes</strong></span> <span class='ocrx_word' id='word_1_127' title='bbox 1132 3077 1180 3144; x_wconf 91' lang='lat' dir='ltr'><strong>ad</strong></span> <span class='ocrx_word' id='word_1_128' title='bbox 1205 3075 1380 3162; x_wconf 87' lang='lat' dir='ltr'><strong>pietatem</strong></span> <span class='ocrx_word' id='word_1_129' title='bbox 1404 3074 1458 3144; x_wconf 92' lang='lat' dir='ltr'><strong>in-</strong></span> 
     </span>
     <span class='ocr_line' id='line_1_21' title="bbox 312 3190 1457 3280; baseline 0 -20"><span class='ocrx_word' id='word_1_130' title='bbox 312 3192 424 3260; x_wconf 88' lang='lat' dir='ltr'><strong>citare</strong></span> <span class='ocrx_word' id='word_1_131' title='bbox 445 3191 569 3279; x_wconf 88' lang='lat' dir='ltr'><strong>possit.</strong></span> <span class='ocrx_word' id='word_1_132' title='bbox 618 3191 777 3278; x_wconf 87' lang='lat' dir='ltr'><strong>Ideoque</strong></span> <span class='ocrx_word' id='word_1_133' title='bbox 799 3190 867 3260; x_wconf 93' lang='lat' dir='ltr'><strong>sibi</strong></span> <span class='ocrx_word' id='word_1_134' title='bbox 888 3199 1099 3279; x_wconf 86' lang='lat' dir='ltr'><strong>comparent</strong></span> <span class='ocrx_word' id='word_1_135' title='bbox 1120 3191 1210 3260; x_wconf 91' lang='lat' dir='ltr'><strong>illud</strong></span> <span class='ocrx_word' id='word_1_136' title='bbox 1232 3213 1338 3262; x_wconf 93' lang='lat' dir='ltr'><strong>omne</strong></span> <span class='ocrx_word' id='word_1_137' title='bbox 1359 3195 1457 3280; x_wconf 92' lang='lat' dir='ltr'><strong>quod</strong></span> 
     </span>
     <span class='ocr_line' id='line_1_22' title="bbox 312 3307 1460 3378; baseline 0 -2"><span class='ocrx_word' id='word_1_138' title='bbox 312 3317 367 3376; x_wconf 89' lang='lat' dir='ltr'><strong>est</strong></span> <span class='ocrx_word' id='word_1_139' title='bbox 400 3307 640 3376; x_wconf 85' lang='lat' dir='ltr'><strong>necessarium</strong></span> <span class='ocrx_word' id='word_1_140' title='bbox 675 3309 722 3376; x_wconf 93' lang='lat' dir='ltr'><strong>ad</strong></span> <span class='ocrx_word' id='word_1_141' title='bbox 758 3307 1035 3376; x_wconf 89' lang='lat' dir='ltr'><strong>celebrationem</strong></span> <span class='ocrx_word' id='word_1_142' title='bbox 1071 3307 1195 3376; x_wconf 90' lang='lat' dir='ltr'><strong>Divini</strong></span> <span class='ocrx_word' id='word_1_143' title='bbox 1229 3308 1356 3378; x_wconf 90' lang='lat' dir='ltr'><strong>Cultus</strong></span> <span class='ocrx_word' id='word_1_144' title='bbox 1390 3307 1460 3376; x_wconf 88' lang='lat' dir='ltr'><strong>rite</strong></span> 
     </span>
     <span class='ocr_line' id='line_1_23' title="bbox 311 3424 1458 3512; baseline -0.001 -19"><span class='ocrx_word' id='word_1_145' title='bbox 311 3425 532 3504; x_wconf 90' lang='lat' dir='ltr'><strong>obeundam;</strong></span> <span class='ocrx_word' id='word_1_146' title='bbox 570 3445 699 3511; x_wconf 90' lang='lat' dir='ltr'><strong>pueros</strong></span> <span class='ocrx_word' id='word_1_147' title='bbox 724 3446 870 3512; x_wconf 90' lang='lat' dir='ltr'><strong>quoque</strong></span> <span class='ocrx_word' id='word_1_148' title='bbox 894 3424 1054 3493; x_wconf 91' lang='lat' dir='ltr'><strong>habeant</strong></span> <span class='ocrx_word' id='word_1_149' title='bbox 1079 3424 1264 3492; x_wconf 89' lang='lat' dir='ltr'><strong>ministros</strong></span> <span class='ocrx_word' id='word_1_150' title='bbox 1289 3425 1380 3494; x_wconf 87' lang='lat' dir='ltr'><strong>bene</strong></span> <span class='ocrx_word' id='word_1_151' title='bbox 1405 3425 1458 3492; x_wconf 89' lang='lat' dir='ltr'><strong>in-</strong></span> 
     </span>
     <span class='ocr_line' id='line_1_24' title="bbox 312 3540 1458 3628; baseline -0.002 -19"><span class='ocrx_word' id='word_1_152' title='bbox 312 3549 479 3620; x_wconf 90' lang='lat' dir='ltr'><strong>structos,</strong></span> <span class='ocrx_word' id='word_1_153' title='bbox 508 3541 581 3628; x_wconf 91' lang='lat' dir='ltr'><strong>qui,</strong></span> <span class='ocrx_word' id='word_1_154' title='bbox 611 3550 712 3609; x_wconf 90' lang='lat' dir='ltr'><strong>veste</strong></span> <span class='ocrx_word' id='word_1_155' title='bbox 738 3541 846 3609; x_wconf 90' lang='lat' dir='ltr'><strong>talari</strong></span> <span class='ocrx_word' id='word_1_156' title='bbox 872 3549 922 3612; x_wconf 65' lang='lat' dir='ltr'><strong>et.⁴</strong></span> <span class='ocrx_word' id='word_1_157' title='bbox 936 3540 1191 3628; x_wconf 86' lang='lat' dir='ltr'><strong>superpelliceo</strong></span> <span class='ocrx_word' id='word_1_158' title='bbox 1216 3540 1346 3618; x_wconf 87' lang='lat' dir='ltr'><strong>induti,</strong></span> <span class='ocrx_word' id='word_1_159' title='bbox 1375 3562 1458 3608; x_wconf 89' lang='lat' dir='ltr'><strong>cum</strong></span> 
     </span>
     <span class='ocr_line' id='line_1_25' title="bbox 313 3656 908 3726; baseline -0.002 0"><span class='ocrx_word' id='word_1_160' title='bbox 313 3656 563 3726; x_wconf 89' lang='lat' dir='ltr'><strong>aedificatione</strong></span> <span class='ocrx_word' id='word_1_161' title='bbox 578 3657 684 3725; x_wconf 92' lang='lat' dir='ltr'><strong>altari</strong></span> <span class='ocrx_word' id='word_1_162' title='bbox 699 3657 908 3725; x_wconf 90' lang='lat' dir='ltr'><strong>inserviant.</strong></span> 
     </span>
    </p>
   </div>
   <div class='ocr_carea' id='block_1_6' title="bbox 270 3837 1460 4158">
    <p class='ocr_par' dir='ltr' id='par_1_6' title="bbox 270 3837 1460 4158">
     <span class='ocr_line' id='line_1_26' title="bbox 278 3837 1458 3926; baseline -0.001 -20"><span class='ocrx_word' id='word_1_163' title='bbox 278 3895 290 3926; x_wconf 70' lang='lat'><strong>,</strong></span> <span class='ocrx_word' id='word_1_164' title='bbox 313 3875 315 3880; x_wconf 95' lang='lat'>·</span> <span class='ocrx_word' id='word_1_165' title='bbox 360 3837 431 3924; x_wconf 84' lang='lat'><strong>95⁰.</strong></span> <span class='ocrx_word' id='word_1_166' title='bbox 480 3837 560 3923; x_wconf 87' lang='lat' dir='ltr'><strong>Quo</strong></span> <span class='ocrx_word' id='word_1_167' title='bbox 575 3838 697 3906; x_wconf 87' lang='lat' dir='ltr'><strong>fideles</strong></span> <span class='ocrx_word' id='word_1_168' title='bbox 712 3837 874 3906; x_wconf 90' lang='lat' dir='ltr'><strong>exactius</strong></span> <span class='ocrx_word' id='word_1_169' title='bbox 890 3859 933 3905; x_wconf 90' lang='lat' dir='ltr'><strong>ac</strong></span> <span class='ocrx_word' id='word_1_170' title='bbox 947 3837 1118 3906; x_wconf 90' lang='lat' dir='ltr'><strong>libentius</strong></span> <span class='ocrx_word' id='word_1_171' title='bbox 1134 3837 1275 3906; x_wconf 88' lang='lat' dir='ltr'><strong>Divinis</strong></span> <span class='ocrx_word' id='word_1_172' title='bbox 1289 3837 1458 3906; x_wconf 88' lang='lat' dir='ltr'><strong>intersint</strong></span> 
     </span>
     <span class='ocr_line' id='line_1_27' title="bbox 270 3923 1460 4040; baseline -0.002 -18"><span class='ocrx_word' id='word_1_173' title='bbox 270 3923 285 4014; x_wconf 57' lang='grc' dir='ltr'><em>ἶ</em></span> <span class='ocrx_word' id='word_1_174' title='bbox 315 3953 459 4033; x_wconf 89' lang='lat' dir='ltr'><strong>Officiis,</strong></span> <span class='ocrx_word' id='word_1_175' title='bbox 481 3954 570 4022; x_wconf 88' lang='lat' dir='ltr'><strong>haec</strong></span> <span class='ocrx_word' id='word_1_176' title='bbox 589 3954 711 4024; x_wconf 91' lang='lat' dir='ltr'><strong>omnia</strong></span> <span class='ocrx_word' id='word_1_177' title='bbox 730 3954 819 4021; x_wconf 92' lang='lat' dir='ltr'><strong>hora</strong></span> <span class='ocrx_word' id='word_1_178' title='bbox 838 3960 990 4032; x_wconf 89' lang='lat' dir='ltr'><strong>statuta,</strong></span> <span class='ocrx_word' id='word_1_179' title='bbox 1011 3973 1077 4040; x_wconf 91' lang='lat' dir='ltr'><strong>pro</strong></span> <span class='ocrx_word' id='word_1_180' title='bbox 1097 3953 1256 4022; x_wconf 89' lang='lat' dir='ltr'><strong>locorum</strong></span> <span class='ocrx_word' id='word_1_181' title='bbox 1276 3953 1460 4039; x_wconf 84' lang='lat' dir='ltr'><strong>adjunctis</strong></span> 
     </span>
     <span class='ocr_line' id='line_1_28' title="bbox 314 4067 1460 4158; baseline -0.002 -20"><span class='ocrx_word' id='word_1_182' title='bbox 314 4077 530 4157; x_wconf 88' lang='lat' dir='ltr'><strong>opportuna,</strong></span> <span class='ocrx_word' id='word_1_183' title='bbox 561 4092 675 4158; x_wconf 91' lang='lat' dir='ltr'><strong>eaque</strong></span> <span class='ocrx_word' id='word_1_184' title='bbox 702 4068 872 4158; x_wconf 89' lang='lat' dir='ltr'><strong>praecisa,</strong></span> <span class='ocrx_word' id='word_1_185' title='bbox 901 4067 1126 4148; x_wconf 89' lang='lat' dir='ltr'><strong>inchoentur,</strong></span> <span class='ocrx_word' id='word_1_186' title='bbox 1155 4090 1222 4137; x_wconf 88' lang='lat' dir='ltr'><strong>nec</strong></span> <span class='ocrx_word' id='word_1_187' title='bbox 1250 4068 1387 4137; x_wconf 90' lang='lat' dir='ltr'><strong>diutius</strong></span> <span class='ocrx_word' id='word_1_188' title='bbox 1416 4091 1460 4137; x_wconf 86' lang='lat' dir='ltr'><strong>ex</strong></span> 
     </span>
    </p>
   </div>
   <div class='ocr_carea' id='block_1_7' title="bbox 250 4186 1011 4342">
    <p class='ocr_par' dir='ltr' id='par_1_7' title="bbox 250 4186 1011 4342">
     <span class='ocr_line' id='line_1_29' title="bbox 250 4186 1011 4290; baseline 0 -38"><span class='ocrx_word' id='word_1_189' title='bbox 250 4285 253 4290; x_wconf 68' lang='lat'><em>,</em></span> <span class='ocrx_word' id='word_1_190' title='bbox 317 4194 548 4274; x_wconf 89' lang='lat' dir='ltr'><strong>praepostera</strong></span> <span class='ocrx_word' id='word_1_191' title='bbox 577 4187 714 4274; x_wconf 91' lang='lat' dir='ltr'><strong>pietate</strong></span> <span class='ocrx_word' id='word_1_192' title='bbox 743 4186 1011 4273; x_wconf 87' lang='lat' dir='ltr'><strong>protrahantur.</strong></span> 
     </span>
     <span class='ocr_line' id='line_1_30' title="bbox 287 4308 307 4342; baseline 0 0"><span class='ocrx_word' id='word_1_193' title='bbox 287 4308 307 4342; x_wconf 63' lang='grc' dir='ltr'><strong>ἱ.</strong></span> 
     </span>
    </p>
   </div>
   <div class='ocr_carea' id='block_1_8' title="bbox 0 0 1786 5208">
    <p class='ocr_par' dir='ltr' id='par_1_8' title="bbox 0 0 1786 5208">
     <span class='ocr_line' id='line_1_31' title="bbox 0 0 1786 5208; baseline 0 1"><span class='ocrx_word' id='word_1_194' title='bbox 0 0 1786 5208; x_wconf 95' lang='lat' dir='ltr'><strong> </strong></span> 
     </span>
    </p>
   </div>
  </div>
 </body>
</html>
