3564 5208
779 490 830 562 ne
853 491 951 538 rme,

731 719 938 792 TITULUS
968 721 999 789 1.
1098 810 1101 818 Ι

767 887 829 956 Dc
852 887 966 956 Fide.

342 1063 391 1150 3⁰.
440 1063 560 1149 Quum
584 1065 690 1132 Fides
719 1065 766 1132 sit
796 1065 944 1134 omnino
981 1067 1028 1133 ad
1052 1065 1205 1133 salutem
1228 1065 1438 1144 necessaria,

296 1180 506 1248 Sacerdotes
518 1201 660 1268 gregem
675 1180 743 1248 sibi
756 1180 933 1249 creditum
948 1180 1050 1249 Fidei
1063 1181 1269 1250 Catholicae
1283 1182 1439 1268 pretium

295 1295 557 1365 inaestimabile
574 1299 743 1376 doceant;
774 1297 924 1384 ejusque
942 1306 1068 1366 sancta
1085 1297 1261 1385 principia
1278 1298 1440 1368 omnium

296 1412 464 1480 cordibus
492 1413 607 1500 magis
634 1413 821 1500 magisque
850 1435 916 1500 pro
945 1413 1082 1482 viribus
1111 1413 1332 1500 imprimant.
1381 1415 1439 1483 Se-

296 1529 382 1596 dulo
397 1537 433 1596 et
447 1528 690 1598 indesinenter
703 1531 858 1598 doceant
871 1530 1052 1598 neminem
1068 1552 1171 1617 posse
1185 1530 1302 1598 officio
1316 1552 1440 1598 veram

296 1645 404 1713 fidem
441 1645 682 1731 amplectendi
718 1646 754 1715 in
794 1668 908 1734 eaque
944 1654 1153 1715 constanter
1190 1646 1442 1733 perseverandi

296 1761 501 1829 satisiacere
509 1761 579 1830 nisi
589 1783 625 1830 se
635 1762 858 1848 subjiciendo
868 1762 1080 1831 auctoritati
1090 1763 1245 1832 Sanctae
1254 1763 1442 1832 Romanae

296 1877 485 1956 Ecclesiae,
520 1878 680 1946 custodis
710 1878 880 1947 nimirum
913 1878 1178 1965 vigilantissimi
1210 1887 1246 1946 et
1278 1879 1441 1966 magistri

296 1993 492 2062 infallibilis
534 1994 643 2062 Verbi
687 1993 868 2073 Revelati;
921 1995 1102 2063 neminem
1146 1995 1294 2082 proinde
1338 2017 1442 2082 posse

296 2112 471 2178 mandata
502 2109 682 2179 Ecclesiae
712 2112 912 2178 detrectare
944 2111 1029 2198 quin
1064 2120 1100 2178 et
1133 2111 1200 2178 Dei
1231 2111 1442 2180 auctoritati

299 2226 453 2294 resistat.

344 2393 393 2475 4⁰.
441 2394 626 2462 Summam
671 2394 949 2472 venerationem,
995 2395 1249 2474 obedientiam,
1295 2418 1337 2463 ac
1381 2396 1441 2463 de·

297 2510 481 2578 votionem
507 2531 590 2597 erga
615 2511 822 2578 Romanum
849 2510 1071 2589 Pontificem,
1098 2511 1281 2579 Vicarium
1308 2511 1442 2580 scilicet

296 2626 428 2695 Christi
455 2636 491 2694 et
519 2627 637 2713 Caput
666 2626 858 2694 infallibile
885 2627 999 2694 totius
1026 2626 1216 2706 Ecclesiae,
1246 2627 1441 2696 exhibeant

296 2721 506 2810 Sacerdotes
536 2743 615 2829 ipsi,
650 2743 794 2829 suisque
824 2743 1015 2812 inculcent.
1064 2743 1154 2830 Ejus
1186 2745 1325 2831 singula
1357 2753 1441 2812 acta

297 2867 333 2925 et
352 2858 616 2949 dicta,¹quippe
635 2881 728 2946 quae
755 2868 840 2926 sunt
867 2859 1131 2945 sapientissima
1157 2861 1302 2928 oracula
1328 2860 1439 2928 etiam

296 2976 442 3061 quando
470 2997 542 3042 non
574 2997 618 3042 ex
647 2975 820 3043 cathedra
849 2975 1019 3062 loquitur,
1051 2976 1211 3044 studiose
1240 2976 1440 3063 perlegant;

296 3091 379 3169 inm,
399 3091 530 3170 fideles,
550 3100 658 3178 prout
676 3113 798 3160 eorum
816 3092 969 3171 intersit,
989 3094 1035 3160 de
1052 3092 1102 3159 eis
1118 3092 1287 3160 certiores
1304 3092 1441 3160 faciant

296 3215 339 3275 ut
356 3229 451 3294 quae
467 3229 529 3275 cor
545 3216 737 3295 paternum
755 3208 920 3295 Supremi
938 3208 1123 3276 Pontificis
1140 3209 1335 3277 sollicitant
1353 3209 1443 3277 scire

297 3324 446 3410 possint,
472 3333 519 3403 et,
544 3325 637 3393 sicut
664 3311 811 3394 omnino
837 3332 992 3411 oportet,
1019 3325 1151 3392 sentire
1173 3346 1256 3394 curn
1282 3325 1442 3393 Ecclesia

297 3462 421 3508 revera
445 3442 601 3510 valeant.
650 3443 755 3511 Nunc
777 3442 945 3520 maxime,
971 3463 1083 3528 quum
1108 3442 1230 3509 hostes
1262 3441 1442 3509 Ecclesiae

297 3557 486 3626 Summum
520 3559 730 3627 Pontificem
762 3557 953 3644 temporali
985 3579 1050 3624 suo
1082 3558 1242 3626 dominio
1274 3558 1442 3644 sacrilege

296 3673 541 3761 spoliaverint,
577 3675 767 3742 hortentur
800 3674 922 3740 fideles
955 3681 997 3740 ut
1031 3674 1228 3760 largissime
1262 3696 1343 3742 eum
1379 3675 1441 3742 ad·

295 3791 425 3877 juvent
448 3790 671 3858 orationibus
694 3797 730 3855 et
753 3789 967 3874 opportunis
990 3790 1167 3858 subsidiis.

345 3958 392 4044 5⁰.
442 3957 603 4024 Pericula
620 3978 713 4042 quae
731 3956 856 4024 Fidem
874 3956 1098 4024 Catholicam
1115 3957 1333 4024 labefactare
1350 3957 1441 4024 min-

296 4073 446 4152 itantur,
470 4072 680 4159 praesertim
702 4074 800 4158 apud
821 4072 1054 4158 juventutem
1075 4072 1271 4150 incautam,
1294 4074 1442 4140 demon-

297 4198 411 4256 strare
433 4198 544 4276 atque
565 4209 685 4257 arcere
706 4188 804 4256 omni
826 4188 1004 4256 industria
1026 4196 1063 4256 et
1086 4187 1324 4259 sollicitudine
1346 4197 1441 4256 sata-
