3564 5208
292 517 333 573 14
605 510 652 556 DE
678 509 869 560 DOCTRINA
895 510 1133 560 CHRISTIANA.

338 704 386 772 8⁰.
436 703 551 772 Unica
570 703 717 790 quidem
743 711 797 770 est
823 703 1021 789 ephemeris
1036 703 1248 772 dioecesana
1262 702 1432 772 officialis.

292 822 501 889 Sacerdotes
510 820 620 906 hujus
628 819 829 887 dioeceseos
838 819 1075 905 prohibentur
1086 819 1289 906 quominus,
1300 820 1438 906 absque

293 937 440 1024 praevia
463 936 666 1022 inscriptis
697 935 952 1022 Archiepscopi
984 936 1101 1014 venia,
1136 935 1340 1006 calendaria
1373 958 1435 1022 pa-

293 1053 463 1122 rochialia
479 1053 537 1119 vel
552 1052 674 1139 aliqua
690 1051 776 1120 folia
791 1051 971 1138 periodica
986 1053 1209 1121 moderanda
1223 1051 1282 1119 vel
1298 1053 1438 1120 edenda

295 1169 507 1256 suscipiant;
535 1191 609 1256 qua
625 1169 654 1236 si
670 1168 751 1255 quis
766 1168 873 1236 venia
889 1169 936 1236 ad
951 1177 1111 1237 mentem
1127 1168 1436 1236 Constitutionum

224 1297 225 1300 ’
294 1285 583 1373 Apostolicarum
615 1307 688 1354 non
722 1293 860 1363 utatur,
889 1307 931 1352 ea
964 1284 1182 1370 privabitur;
1227 1284 1312 1364 irn0,
1339 1285 1439 1370 justa

295 1402 472 1471 accidenti
517 1423 636 1480 causa,
673 1401 779 1470 venia
812 1401 1037 1469 recusabitur
1070 1401 1128 1468 vel
1161 1401 1237 1487 jam
1271 1422 1440 1469 concessa

295 1519 452 1587 tolletur.
501 1517 640 1586 Pariter
669 1517 745 1586 sine
773 1517 919 1586 licentia
950 1517 1083 1585 Nostra
1113 1517 1235 1585 fideles
1265 1516 1439 1604 scriptum

296 1634 450 1723 quodvis
488 1656 543 1702 res
581 1633 664 1702 fidei
702 1633 885 1722 attingens
922 1633 1044 1720 praelo
1080 1655 1152 1703 non
1191 1633 1440 1712 committant;

296 1751 413 1820 clerici
435 1771 522 1818 vero
543 1750 683 1820 nullum
707 1770 852 1836 prorsus
875 1749 1049 1835 scripturn
1073 1771 1138 1816 suo
1160 1748 1306 1818 nomine
1329 1751 1440 1816 edant

297 1867 383 1956 quin
413 1866 512 1953 prius
539 1888 752 1935 consensum
781 1865 954 1933 Nostrum
982 1865 1195 1951 acceperint.

343 2065 391 2152 9⁰.
438 2065 643 2151 Jubeantur
664 2064 786 2131 fideles
807 2072 849 2131 ut
872 2063 1106 2131 societatibus
1128 2063 1273 2131 secretis
1294 2062 1441 2130 omnino

296 2183 515 2260 abstineant,
531 2190 612 2250 turn
625 2179 669 2248 iis
684 2179 894 2266 praesertim
909 2201 1003 2266 quae
1015 2179 1232 2249 nominatim
1245 2181 1442 2249 damnatae

265 2309 270 2324 “
297 2307 382 2367 sunt
398 2306 478 2366 tum
493 2297 537 2364 iis
554 2319 648 2384 quae
663 2297 1002 2384 quomodocumque
1021 2295 1104 2364 fidei
1124 2305 1189 2364 aut
1208 2294 1370 2364 moribus
1390 2296 1441 2362 oi-

297 2413 478 2484 iendiculo
499 2435 574 2481 esse
594 2413 749 2499 possint;
782 2414 828 2480 de
848 2411 945 2480 hisce
965 2433 1051 2480 vero
1071 2411 1300 2481 meminerint
1321 2413 1442 2480 Sacer-

296 2533 401 2600 dotes
426 2529 535 2598 solius
560 2529 740 2598 Ordinarii
764 2551 840 2596 esse
863 2528 1025 2615 judicare
1049 2551 1096 2596 an
1121 2527 1337 2597 nominatim
1363 2548 1443 2613 pro-

298 2646 412 2716 hiberi
427 2654 644 2714 mereantur.

728 2979 933 3050 TlTULUS
962 2981 1013 3049 11.

471 3196 534 3266 De
556 3196 755 3266 Doctrina
780 3195 1017 3265 Christiana
1040 3194 1271 3265 Tradendu.

348 3408 417 3474 10⁰.
467 3407 586 3492 Quum
612 3408 700 3475 fides
725 3407 863 3475 oriatur
890 3409 957 3474 “ex
982 3406 1122 3485 auditu,
1149 3404 1297 3473 auditus
1321 3413 1444 3472 autern

300 3544 363 3610 per
392 3525 543 3591 verbum
572 3523 728 3592 Christi'’
764 3523 883 3606 (Rom.
917 3523 963 3589 Χ
1000 3525 1056 3609 17)
1088 3542 1212 3590 curam
1242 3519 1444 3589 animarum

272 3640 473 3755 habentes
503 3648 706 3727 opportune
737 3641 858 3726 plebes
889 3639 957 3707 sibi
987 3639 1196 3708 commissas
1227 3635 1446 3705 salutaribus

258 3770 269 3852 ζ
272 3695 417 3824 verbis
444 3777 589 3842 pascere
616 3764 796 3824 tenentur
845 3755 933 3824 Ideo
960 3755 1200 3864 praecipimus
1227 3762 1269 3821 ut
1282 3753 1445 3852 singulis

264 3868 275 3914 ·'
298 3871 495 3940 Dominicis
511 3882 547 3941 et
564 3872 680 3940 Festis
695 3874 741 3940 de
757 3881 970 3958 praecepto¹
979 3872 1089 3940 etiarn
1109 3857 1272 3957 ternpore
1292 3869 1443 3976 aestivo,

277 3974 333 4056 in
364 3988 526 4075 qualibet
556 3987 664 4056 Missa
692 3988 787 4057 lecta
815 3988 878 4056 ubi
907 3990 1057 4056 adstant
1086 3985 1218 4065 fideleS,
1249 3977 1444 4072 postquam

259 4077 279 4165 i
258 4104 566 4204 Evangelium
556 4127 593 4173 1n
616 4105 739 4192 lingua
760 4105 953 4172 vernacula
975 4113 1012 4172 et
1035 4101 1330 4172 annuntiationes
1350 4101 1445 4168 lecta

258 4177 290 4281 ,³
297 4221 440 4302 fuerint,
475 4221 594 4290 brevis
625 4222 689 4290 fiat
721 4221 912 4289 instructio
944 4241 1037 4307 quae
1068 4219 1163 4287 circa
1193 4217 1444 4286 duodecimam
